3216 5218
596 435 727 524 ,χρη
776 470 818 480 .-

117 635 167 706 23,
191 635 220 694 5.
245 633 312 693 vide
339 633 427 694 etiam
451 634 502 706 41,
527 634 556 692 3.
600 631 819 708 Nonnunquam
842 650 930 692 versu
953 630 1127 708 exprimitur
1149 630 1288 708 protasis:

86 781 89 788 ,
115 723 194 783 Plut
216 723 254 782 de
277 723 380 782 curios
406 724 479 796 335,
505 725 522 782 6

247 811 353 890 ,ὅσσον
376 810 467 890 ὕδωρ
491 811 559 872 κατ’
580 809 737 882 Ἀλιζόνος
759 811 778 890 ἢ
803 807 899 890 δρυὸς
922 808 1005 890 ἀμφὶ
1026 808 1160 890 πέτηλα’,

115 905 264 962 τοσοῦτον
295 899 419 981 πλῆθος
449 899 589 980 εὑρήσεις
622 899 857 980 ἁμαρτημάτων
889 899 922 961 ἐν
953 905 999 979 τῷ
1031 899 1100 980 βίῳ.
1132 899 1168 958 of.
1201 899 1289 958 etiarn

115 992 152 1050 de
175 990 244 1050 exil
269 993 342 1064 555,
369 993 395 1050 1.

206 1079 273 1139 Non
300 1099 364 1138 raro
387 1097 455 1138 vero
484 1079 611 1138 sermoni
635 1079 684 1156 qui
708 1079 855 1148 antecedit
877 1078 985 1155 poetici
1010 1096 1112 1137 versus
1135 1083 1198 1136 arte
1221 1077 1289 1136 nexi

119 1174 189 1228 sunt
225 1174 256 1228 et
291 1169 444 1228 universae
481 1168 642 1228 sententiae
678 1170 893 1245 verborumque
930 1167 1138 1226 constructioni
1170 1185 1290 1243 prorsus

115 1258 332 1318 accommodati.

205 1347 267 1406 Hoc
296 1348 340 1418 fit,
373 1347 398 1406 si
425 1347 658 1407 additamentum
687 1348 834 1423 quoddam
864 1365 918 1422 per
945 1365 977 1406 se
1005 1365 1063 1404 non
1091 1345 1290 1404 necessarium

116 1455 203 1496 versu
230 1437 407 1496 continetur:
436 1436 497 1495 Tel.
528 1437 578 1510 24,
609 1440 627 1495 5
657 1427 727 1496 ἀλλ’
757 1435 866 1514 ὥσπερ
894 1434 913 1496 ὁ
944 1433 1089 1515 Πρίαμος
1117 1426 1190 1496 οὐδ’
1220 1433 1288 1514 ἔτλη

115 1524 243 1596 ἕζεσθαι
266 1524 316 1586 ἐπὶ
337 1523 460 1605 δρόνου

454 1612 592 1692 ,πολλῶν
614 1611 694 1675 κατὰ
719 1611 807 1675 ολκον
831 1612 954 1675 ἐόντων
1138 1647 1141 1654 ·

114 1704 151 1762 el.
185 1705 236 1776 40,
272 1706 320 1763 10.
353 1704 430 1764 Plut.
463 1704 500 1762 de
532 1722 598 1779 cup.
630 1704 713 1762 divit.
747 1705 821 1776 356,
857 1705 905 1762 17.
935 1705 972 1762 de
997 1708 1110 1780 tranqu.
1136 1704 1209 1776 222,
1241 1704 1290 1762 19.

116 1794 189 1866 227,
214 1794 264 1852 20.
290 1795 363 1866 229,
389 1796 416 1853 7.
445 1794 482 1851 de
505 1793 573 1852 exil.
599 1795 672 1864 558,
691 1795 741 1852 24.
767 1795 840 1865 561,
865 1796 893 1852 6.
919 1795 946 1852 8.
971 1793 1008 1851 de
1025 1793 1130 1852 curios.
1149 1794 1222 1865 336,
1242 1794 1290 1851 ts.

116 1884 194 1953 337,
235 1884 285 1942 20.
333 1918 373 1924 -
418 1882 626 1940 Praecedentia
665 1882 799 1941 versibus
836 1882 1020 1942 declarantur
1057 1880 1118 1940 Tel.
1152 1883 1210 1956 31,
1251 1883 1288 1940 13

115 1970 150 2040 ἐξ
173 1966 221 2031 ὧν
244 1971 276 2032 ἕν
300 1969 400 2050 ἐνδείᾳ
424 1969 477 2031 καὶ
500 1965 610 2032 σπάνει
634 1971 729 2032 ἔσται·

396 2059 563 2140 ιἄπληστον
587 2058 647 2139 γὰρ
670 2060 776 2140 ἔχουσι
799 2059 894 2120 κακοὶ
918 2059 1012 2120 νόον.’

115 2150 152 2208 cl.
177 2150 227 2222 40,
254 2151 302 2208 16.
336 2149 414 2209 Plut.
442 2150 479 2208 de
510 2156 624 2226 tranqu.
654 2151 726 2223 214,
753 2152 779 2208 1.
813 2185 853 2192 -—
887 2149 979 2226 Saepe
1008 2149 1179 2223 sententiae,
1217 2168 1292 2228 qnae

115 2256 202 2314 prosa
241 2239 371 2298 oratione
409 2239 544 2314 inceptae
579 2245 646 2297 sunt
680 2240 733 2298 sed
767 2239 803 2297 ad
838 2238 927 2298 finem
959 2239 1091 2297 nondum
1123 2238 1291 2315 perductae,

116 2327 184 2402 qnia
216 2327 300 2386 deest
328 2329 490 2387 membrum
514 2328 635 2405 aliquod
658 2329 855 2387 necessarium
884 2328 961 2387 siout
984 2327 1191 2404 praedicatum,
1222 2329 1290 2386 sub-

115 2416 233 2489 iectum,
263 2417 309 2476 vel
338 2417 419 2475 aliud
442 2417 522 2494 quid,
553 2418 732 2494 supplentur
754 2418 902 2477 versibus:
934 2417 1011 2476 Plut.
1036 2418 1073 2476 de
1099 2417 1163 2476 virt.
1187 2423 1216 2476 et
1241 2417 1291 2475 vit.

118 2507 189 2578 245,
217 2507 255 2564 18
280 2503 327 2566 ἀεὶ
350 2511 540 2568 συνοικοῦσα
563 2511 626 2574 τοῖς
649 2505 836 2585 σπλάγχνοις
859 2553 865 2564 .
890 2554 896 2567 .
921 2553 926 2566 .
953 2505 983 2586 (ἡ
1008 2504 1116 2586 κακία)

347 2595 419 2673 εεᾶει
443 2595 515 2675 ἄτερ
540 2593 638 2656 δαλοῦ
662 2594 715 2656 καὶ
738 2595 821 2675 ὠμῷ
845 2594 1063 2676 γήρο1“δῶκε.”

115 2683 152 2742 cf.
176 2683 214 2742 de
237 2702 302 2761 cup.
327 2685 408 2744 divit.
434 2687 506 2754 365,
533 2687 582 2743 11.
615 2686 652 2744 de
676 2692 791 2761 tranqu.
817 2687 889 2758 216,
916 2687 964 2744 16.
990 2686 1063 2757 215,
1091 2687 1138 2744 18.
1165 2686 1237 2758 217,
1263 2688 1291 2743 6.

117 2773 191 2847 231,
217 2774 267 2832 20.
293 2775 365 2848 232,
393 2776 419 2834 1.
444 2775 481 2833 de
504 2774 573 2833 exil.
598 2776 671 2848 561,
697 2776 747 2834 24.
779 2777 851 2847 563,
876 2776 926 2832 25.
951 2775 988 2833 de
1011 2776 1116 2834 curios.
1141 2776 1215 2848 347,
1241 2774 1290 2832 14.

677 2911 741 2981 22.

205 3004 345 3064 Parodias
366 3005 537 3065 Homericae
561 3005 636 3065 sicut
659 3013 771 3065 ceteros
794 3006 914 3080 cynicos
923 3005 945 3082 1)
968 3005 1055 3064 etiem
1080 3007 1199 3064 Bionem
1224 3005 1292 3063 ada-

115 3110 212 3151 masse
242 3094 326 3152 testis
349 3100 396 3153 est
419 3094 503 3170 Diog.
527 3095 623 3154 Laert.
647 3095 692 3153 IV
717 3098 745 3169 7,
771 3097 811 3154 52
842 3092 963 3174 εὐφυὴς
987 3092 1046 3174 γὰρ
1070 3092 1109 3175 ἦν
1135 3093 1165 3173 (ὁ
1189 3092 1290 3172 Βίων)

115 3180 169 3241 καί
191 3181 390 3263 παρῳδῆσαι,
414 3178 465 3244 ολά
489 3183 568 3244 ἔστιν
591 3183 687 3245 αὐτοῦ
712 3183 764 3244 καὶ
786 3188 894 3259 corito:

225 3267 272 3348 ζΩ
294 3271 396 3332 πέπον
415 3271 557 3352 Ἂρχότα,
580 3271 781 3353 ψαλληγενές,
805 3271 979 3354 ὀλβιότυφε,

225 3357 286 3440 Τῆς
308 3360 428 3440 ὑπάτης
451 3361 554 3440 ε’ρίδος
576 3362 704 3423 πάντων
728 3354 922 3442 ἐμπειρότατ’
949 3360 1087 3440 ἀνδρῶν’

144 3519 184 3526 -
222 3446 255 3508 Γ
276 3452 337 3509 182
356 3446 404 3509 Ὠ
425 3449 536 3531 μάκαρ
555 3450 703 3532 Ἀτρείδη,
727 3452 920 3531 μοιρηγενές,
944 3449 1156 3531 ὀλβιόδαιμον,

144 3535 184 3543 ”“
222 3536 251 3598 Α
279 3542 340 3600 146
634 3540 762 3602 πάντων
785 3533 985 3621 ε’κπαγλότοτ)
1012 3539 1155 3619 ἀνδρῶν’

115 3626 196 3699 Quae
219 3646 266 3686 ars
290 3629 427 3704 parodica
449 3647 507 3687 non
532 3631 618 3688 modo
641 3631 672 3689 in
695 3636 796 3690 satura
812 3631 967 3706 Menippea
990 3649 1137 3706 nunquam
1159 3629 1292 3701 cessavit,

115 3715 170 3774 sed
186 3717 275 3775 etiam
291 3718 319 3775 in
334 3717 494 3776 Romanam
518 3719 635 3794 irrepsit
649 3725 785 3778 saturam.
818 3720 923 3778 Contra
942 3720 970 3777 in
986 3718 1135 3777 Plutarchi
1159 3717 1292 3777 diatribis

114 3805 253 3880 parodiae
281 3807 453 3866 Homericae
482 3827 563 3867 rarae
592 3814 669 3867 sunt.
725 3809 903 3884 Exemplum
931 3809 1079 3866 invenitur
1106 3808 1185 3883 apud
1213 3806 1290 3865 Plut.

114 3894 152 3952 de
175 3913 241 3971 cup.
265 3894 347 3954 divit.
373 3899 445 3971 366,
472 3899 521 3971 14,
544 3898 593 3957 ubi
617 3897 744 3973 legimus
768 3917 785 3956 a
808 3897 937 3974 parodiis
952 3917 1009 3956 non
1025 3897 1128 3956 aliena.
1161 3897 1291 3954 Primum

113 3983 191 4041 enim
214 3984 375 4044 laudantur
398 3988 486 4045 verba
509 3987 679 4046 Telemachi
702 3987 820 4045 divitias
844 3987 968 4046 Menelai
990 3985 1192 4063 adstupentis:

225 4071 342 4154 ςΖηνός
364 4097 428 4135 που
451 4074 555 4156 τοιήδε
579 4067 605 4154 γ’
627 4073 803 4155 Ὀλυμπίου
828 4074 960 4136 ἔνδοθεν
983 4073 1071 4155 αὐλή.

222 4161 300 4222 ὅσσα
323 4161 391 4223 τὰδ’
418 4163 533 4224 ἄσπετα
557 4162 669 4225 πολλά·
694 4165 788 4244 σέβας
811 4156 909 4244 μ’ἔχει
933 4163 1145 4243 εἰσορόωντα’.

114 4267 327 4275 ——n-——ffl

208 4300 227 4365 ¹)
247 4301 443 4355 Wachsmuth
462 4318 533 4371 pag.
553 4305 586 4353 69
607 4319 649 4372 sq.
