3216 5218
794 403 837 434 ·-
888 392 927 450 ro
976 426 1014 433 --

319 591 487 645 monstrant.
508 586 545 644 cf.
558 585 694 661 inprimis
708 585 827 644 Bionem
847 587 926 663 apud
939 586 999 646 Tel.
1014 589 1042 661 6,
1058 589 1073 646 1
1092 586 1200 668 ὥσπερ
1215 592 1279 649 τῶν
1293 587 1417 669 θηρίων
1433 589 1497 650 κτλ.
1573 587 1576 600 “

323 675 371 748 10,
391 676 430 733 14
451 673 600 754 καθάπερ
616 672 670 735 καὶ
685 673 719 744 ἒξ
734 674 834 742 οἰκίας
852 721 858 733 .
876 674 1119 754 ,ε’ξοικιζόμειλα
1135 676 1198 738 κτλ.
1225 679 1274 752 11,
1291 680 1309 738 3
1332 677 1448 759 οὕσπερΙ
1459 679 1496 739 ἐκ

320 761 496 842 συμποσίου
513 761 743 842 ἀπαλλάττομαι
764 762 827 824 κτλ.
851 765 929 823 Plut.
946 765 983 824 de
999 765 1096 824 vitios.
1112 767 1183 842 pud.
1202 769 1275 840 386,
1293 769 1332 827 18
1355 767 1422 845 (voi
1437 769 1495 844 IH)

320 850 408 913 Βίων
431 851 578 923 ἀπείκαζε
601 849 672 920 τοὺς
694 853 853 920 τοιούτους
876 853 1071 934 ἀμφορεῦσιν
1087 853 1149 915 κτλ.
1182 855 1265 933 Diog.
1280 855 1374 916 Laert
1390 857 1433 915 IV
1452 859 1491 916 51

318 945 466 1002 τοσοῦτον
494 940 599 1020 (ἔλεγε)
628 939 786 1022 διαφέρειν
813 939 868 1022 τήν
896 941 1049 1023 φρόνησιν
1072 942 1134 1004 κτλ.
1169 944 1247 1004 soon.
1272 946 1336 1006 flor.
1358 946 1428 1006 XCI
1452 948 1492 1006 32

319 1031 407 1090 Mein.
432 1028 469 1090 B.
493 1029 584 1110 ἔλεγε,
609 1029 717 1111 ὥσπερ
740 1029 776 1091 τὰ
800 1029 906 1110 φαῦλα
929 1036 992 1092 τῶν
1015 1030 1189 1111 βαλαντίων
1213 1033 1276 1095 κτλ.
1579 1025 1580 1040 ’

408 1137 455 1195 Ex
483 1137 529 1196 his
555 1137 700 1213 exemplis
724 1137 840 1222 Bioneis
865 1139 936 1197 satis
959 1138 1016 1197 iam
1042 1140 1110 1198 lieet
1131 1157 1307 1216 cognoscere
1330 1142 1493 1219 cynicam1)

319 1227 567 1303 comparationum
597 1232 740 1296 catinam,
769 1227 879 1303 quippe
908 1246 984 1304 quae
1013 1247 1051 1287 ex
1073 1229 1150 1288 vitae
1172 1231 1348 1290 cottidianae
1372 1250 1494 1292 consue-

319 1315 419 1375 tudine
450 1316 623 1392 plerumque
653 1316 794 1392 repetitae
825 1317 891 1375 sint.
944 1317 983 1375 m
1012 1318 1091 1376 idem
1122 1319 1200 1378 valet
1231 1321 1269 1379 de
1299 1320 1493 1396 posteriorum

319 1405 459 1464 diatribis.
510 1405 600 1464 Velut
627 1406 706 1481 apud
734 1405 810 1464 Plut.
842 1406 878 1464 de
905 1424 971 1482 cup.
999 1407 1079 1466 divit.
1109 1409 1182 1483 356,
1206 1410 1245 1468 19
1275 1409 1305 1483 ii,
1333 1411 1392 1487 qui,
1425 1429 1494 1470 cum

318 1512 534 1570 supervacanea
555 1500 643 1571 atque
666 1494 779 1553 inutilia
803 1513 919 1571 semper
941 1501 1090 1572 appetant,
1118 1515 1155 1556 ne
1183 1498 1347 1557 necessaria
1373 1499 1494 1576 quidem

318 1583 452 1658 retinent,
475 1584 567 1642 facete
591 1602 658 1642 cum
682 1583 718 1642 iis
741 1590 951 1660 comparantur,
975 1585 1026 1661 qui
1049 1586 1126 1644 fame
1150 1587 1258 1664 sitique
1276 1589 1391 1647 sublata
1406 1590 1493 1648 edere

319 1691 353 1732 ao
376 1674 473 1732 bibere
496 1678 631 1750 pergunt,
654 1673 695 1731 ita
714 1679 748 1732 ut
766 1673 863 1732 omnia
879 1692 1012 1733 evomere
1028 1680 1179 1750 cogantur,
1204 1695 1395 1754 quaecunque
1410 1683 1493 1738 antea

318 1763 348 1820 in
376 1781 483 1838 corpus
511 1763 702 1838 ingesserunt.
758 1762 817 1822 Sed
845 1767 935 1821 totam
962 1765 1212 1840 comparationum
1241 1767 1348 1826 molem
1375 1767 1493 1844 copiose
1579 1809 1580 1830 ι

319 1871 456 1911 enarrare
480 1870 728 1928 supervacaneum
751 1870 786 1910 ac
808 1852 965 1910 molestum
988 1858 1042 1912 est.
1080 1853 1215 1914 Breviter
1237 1855 1327 1931 igitur
1342 1863 1493 1933 praeterea

318 1941 410 2000 affero
438 1940 499 2000 Tel.
531 1943 560 2016 3,
591 1942 606 1999 1
641 1938 698 2001 Δεῖ
721 1939 829 2021 ὥσπερ
856 1938 909 2001 τόν
937 1940 1061 2020 ἀγαθὸν
1088 1942 1259 2024 ὑποκριτὴν
1272 1940 1294 2022 ²)
1322 1944 1383 2006 κτλ.
1412 1948 1442 2022 4,
1472 1950 1491 2006 3
1579 1943 1580 1972 ¹

319 2029 426 2111 ὥσπερ
457 2029 578 2109 οἰκέτης
600 2028 662 2090 κτλ.
697 2033 747 2105 11,
772 2033 790 2090 8
820 2029 928 2111 ὥσπερ
952 2030 1071 2110 ἱμάτιον
1095 2031 1156 2092 κτλ.
1189 2035 1237 2108 14,
1268 2035 1286 2092 2
1312 2034 1348 2095 ὃν
1374 2034 1492 2116 τρόπον

319 2117 394 2180 οὐδὲ
425 2118 527 2180 αὐλεῖν
560 2117 622 2180 κτλ.
661 2123 712 2194 41,
741 2123 759 2179 8
798 2118 905 2200 ὥσπερ
938 2119 988 2180 ἐπὶ
1019 2121 1175 2202 στρατείας
1207 2121 1271 2186 κτλ.
1314 2126 1365 2198 42,
1405 2128 1420 2183 1
1455 2125 1492 2186 ὃν

317 2207 435 2289 τρόπον
463 2208 624 2289 ἀπόρηνος
652 2207 712 2288 poa
739 2207 855 2288 λέγεται
882 2208 944 2270 κτλ.
977 2211 1054 2270 ΡΙα1.
1082 2212 1119 2270 de
1146 2231 1212 2288 cup.
1241 2213 1321 2272 divit.
1351 2216 1424 2282 363,
1453 2216 1491 2290 4;
1579 2219 1580 2222 ’

319 2300 393 2374 361,
418 2303 447 2358 5.
471 2300 508 2358 de
532 2298 600 2357 exil.
626 2300 698 2373 550,
729 2301 746 2358 5
772 2299 808 2358 de
832 2304 947 2375 tranqu.
972 2301 1045 2375 213,
1071 2303 1110 2361 18
1139 2301 1264 2362 devint.
1289 2308 1320 2361 et
1342 2303 1393 2361 vit.
1419 2305 1491 2378 245,
1579 2307 1580 2384 g

319 2390 348 2447 3.
381 2388 417 2448 de
446 2389 551 2448 curios.
585 2389 657 2462 341,
693 2389 742 2462 24,
774 2389 847 2462 344,
883 2390 932 2447 12.
965 2391 1038 2464 348,
1073 2392 1122 2450 13.
1156 2427 1197 2434 -
1231 2396 1260 2450 et
1283 2390 1344 2450 Tel.
1371 2393 1420 2467 16,
1451 2395 1489 2452 13
1579 2439 1580 2446 ,

318 2475 426 2558 ὥσπερ
450 2477 485 2537 ἐκ
509 2476 717 2557 πανηγύρεως
740 2475 802 2538 κτλ.
836 2478 889 2550 40,
914 2480 929 2536 1
956 2476 1064 2559 ὥσπερ
1087 2479 1230 2560 ποιήτρια
1255 2478 1317 2541 κτλ.
1351 2481 1430 2540 Plut.
1454 2483 1491 2540 de

318 2585 385 2644 cup.
410 2567 484 2626 divit
509 2569 582 2640 358,
609 2568 636 2626 1.
661 2569 734 2640 358,
759 2568 809 2626 20.
844 2569 917 2631 359.
942 2568 991 2641 20,
1017 2570 1090 2643 366,
1108 2571 1158 2630 23.
1183 2571 1220 2628 de
1236 2575 1351 2648 tranqu.
1374 2572 1446 2646 213,
1464 2575 1491 2630 7.

320 2657 392 2730 219,
418 2657 466 2716 24.
506 2657 579 2729 225,
605 2657 654 2715 10.
688 2657 761 2730 232,
787 2657 836 2714 22.
872 2657 1019 2730 23815.
1052 2658 1335 2734 deexil.550,1.
1364 2662 1437 2734 551,
1462 2661 1490 2718 2.

319 2747 392 2819 559,
422 2747 460 2803 21
491 2746 528 2803 de
555 2745 619 2804 virt.
648 2751 678 2804 et
705 2746 756 2804 vit.
787 2747 859 2819 244,
890 2747 938 2805 15.
971 2747 1009 2804 de
1032 2748 1128 2806 curios
1153 2750 1225 2821 337,
1258 2750 1306 2808 11.
1335 2751 1408 2824 337,
1441 2752 1491 2809 13.

319 2836 467 2908 338,19.
501 2835 574 2906 340,
601 2835 650 2893 22.
684 2836 757 2908 345,
785 2836 833 2892 11.
868 2836 943 2902 349,
968 2837 996 2894 3.
1031 2838 1104 2908 349,
1130 2838 1181 2895 22.
1214 2837 1309 2913 Ερ1ο1.
1326 2838 1356 2896 II
1374 2840 1422 2912 16,
1440 2841 1490 2913 37,
1579 2851 1580 2916 }

319 2924 363 2983 ΙΙΙ
387 2925 437 2998 26,
463 2925 513 2983 22.
560 2923 797 2997 Hor.sat.11,
823 2925 872 2983 71.
898 2925 946 2982 72.
972 2925 1389 3004 119υίίοονιυίυοεαίυνβ)
1428 2929 1490 3004 qui·
1579 2943 1580 3004 j

319 3015 374 3072 bris
402 3013 432 3071 in
459 3013 533 3072 locis
556 3014 734 3088 comparatio
762 3013 865 3089 paucis
892 3015 1093 3072 tantummodo
1121 3015 1217 3074 verbis
1249 3016 1413 3092 significata
1436 3022 1489 3076 est.

318 3103 478 3179 Praecipue
505 3103 624 3160 crebrae
653 3109 722 3160 sunt
756 3102 988 3178 comparationes
1016 3122 1033 3161 e
1060 3105 1148 3162 rebus
1172 3105 1327 3164 maritimis
1355 3112 1490 3182 sumptae
1579 3117 1580 3140 ¹

319 3192 401 3250 velut
423 3190 484 3250 Tel.
506 3194 533 3264 6,
557 3192 574 3250 9
600 3189 678 3270 όπερ
700 3195 843 3251 ποιοῦσιν
867 3191 897 3252 σί
918 3192 1059 3252 ναυτικοί
1079 3191 1141 3253 κτλ.
1177 3195 1226 3268 17,
1246 3196 1285 3253 10
1304 3193 1439 3274 δύναμαι
1456 3187 1491 3255 δέ

317 3278 455 3359 μεταβὰς
475 3279 508 3350 ἐξ
523 3279 628 3360 ἑτέρας
641 3278 722 3347 νεὼς
737 3279 800 3340 κτλ.
823 3281 900 3339 Plut.
918 3281 954 3339 de
970 3287 1086 3358 tranqu.
1104 3283 1176 3356 212,
1194 3284 1213 3341 4
1230 3282 1338 3363 ὥσπερ
1354 3283 1384 3345 οἱ
1398 3281 1490 3346 δειλοὶ

318 3368 371 3430 καὶ
381 3373 562 3436 ναυτιῶντες
572 3368 604 3429 ἕν
613 3375 658 3448 τῷ
666 3367 752 3430 πλεῖν
761 3368 824 3430 κτλ.
840 3371 941 3442 236,9
956 3368 1051 3430 πλέον
1061 3371 1080 3450 ἢ
1091 3371 1284 3451 κυβερνήτου
1294 3371 1357 3432 κτλ.
1373 3373 1410 3431 de
1420 3373 1488 3431 exil.
1579 3449 1580 3454 ἵ

319 3463 391 3533 557,
417 3462 434 3518 6
459 3458 567 3538 ὥσπερ
591 3457 733 3538 ἄγκυραν
756 3458 950 3539 κυβερνήτην
973 3457 1035 3518 κτλ.
1067 3461 1104 3518 de
1128 3461 1192 3520 virt.
1216 3467 1247 3520 et
1270 3461 1319 3520 vit.
1344 3463 1417 3536 246,
1447 3464 1487 3520 25

318 3547 425 3628 ὥσπερ
450 3546 585 3627 γαλήνην
609 3546 761 3608 ἄκλυστον
784 3545 845 3608 κτλ.

407 3655 474 3714 Tria
497 3661 593 3714 autem
617 3656 865 3731 comparationum
895 3673 1003 3730 genera
1030 3655 1119 3714 etiam
1146 3656 1336 3730 singulariter
1363 3676 1488 3716 comme-

319 3745 456 3804 moranda
484 3763 559 3821 quae
583 3764 600 3803 a
623 3745 734 3819 cynicis
762 3745 830 3802 trita
858 3762 924 3802 esse
952 3750 1073 3803 constat.
1119 3745 1251 3802 Primum
1275 3763 1364 3822 saepe
1392 3747 1428 3805 fit
1455 3753 1489 3804 nt

409 3972 428 4037 ¹)
449 3971 486 4025 de
505 3973 678 4040 cynicorum
698 3941 971 4040 comparationibus
992 3972 1028 4024 cf.
1042 3971 1074 4023 E.
1089 3971 1198 4025 Weber
1218 3972 1237 4024 1.
1251 3989 1275 4026 c.
1294 3989 1365 4042 pag.
1381 3975 1430 4024 173
1447 3987 1488 4041 sq.

408 4042 428 4108 ²)
458 4042 572 4096 Bionea
600 4047 645 4095 est
673 4045 783 4112 imago.
813 4041 968 4111 Copiosius
997 4042 1034 4095 de
1063 4057 1099 4096 ea
1128 4042 1268 4096 disseruit
1297 4045 1397 4098 Hense
1425 4043 1488 4096 Tol.

317 4130 388 4184 pag.
407 4113 1074 4254 310611.ΒέἰόβεὲβθῗβήιβαιᾼίβββίίῃΤΙόῗξἸῗ,
1086 4129 1132 4236 83Ιο
1155 4201 1198 4254 sq.
1249 4186 1341 4239 Plura
1364 4187 1489 4256 praebet
1579 4169 1580 4180 ¹

318 4257 435 4312 Usener
455 4257 638 4326 „Epicurea“
657 4258 765 4326 fragm.
785 4259 846 4323 499,
865 4271 934 4325 pag.
955 4259 1015 4306 310.
