3216 5218
612 415 832 474 ..29-

158 639 159 642 ¹
221 610 332 669 Eodem
359 628 428 669 vero
451 610 537 668 modo
560 609 688 686 Epicteti
712 609 931 668 dissertationes
954 628 1013 667 non
1035 626 1145 686 paucae
1169 609 1305 668 homilias

132 699 271 759 redolent.
317 698 533 776 Nonnunquam
561 698 639 758 enim
665 699 717 758 ille
745 698 774 756 in
801 698 884 757 initio
911 699 1053 758 diatribae
1081 699 1184 775 paucis
1208 699 1305 758 verbis

131 787 351 864 comprehendit
379 787 452 846 illud
480 788 517 847 de
547 807 605 865 quo
638 792 757 846 acturus
790 793 844 846 est.
891 786 980 848 ,Velut
1011 788 1041 846 in
1073 787 1155 846 initio
1188 788 1305 846 dissert.

132 877 183 950 IV,
206 881 222 937 7
247 877 375 954 positum
399 884 444 936 est
468 877 567 936 thema
588 876 617 936 τί
636 881 720 938 ποιεῖ
740 873 880 956 φοβερὸν
903 873 1146 955 adscriptionem
1171 876 1306 938 similiter

131 985 207 1044 quae
223 966 352 1042 legimus
371 967 400 1024 in
420 966 503 1024 initio
522 966 640 1026 dissert.
655 965 697 1024 IV
712 968 729 1025 5
747 962 787 1025 ‘0
801 963 897 1032 καλὸς
917 963 968 1027 καὶ
984 963 1106 1045 ἀγαθὸς
1124 961 1191 1026 οὔτ’
1213 963 1305 1033 αὐτὸς

130 1054 263 1135 μάχεταί
299 1077 354 1116 τινι
394 1054 461 1116 οὔτ’
505 1053 599 1115 ἄλλον
638 1053 675 1135 ἐᾷ
711 1052 790 1115 κατὰ
826 1053 959 1134 δύναμιν
995 1055 1088 1114 thesis
1129 1061 1187 1129 est,
1229 1074 1305 1132 quae

132 1151 272 1221 sequente
295 1145 493 1221 disputatione
526 1144 691 1203 illustratur
718 1145 990 1220 comprobatorque.
1015 1145 1051 1204 cf.
1080 1145 1167 1203 etiarn
1192 1145 1305 1204 Muson.

134 1236 207 1301 748,
237 1236 265 1293 8.
311 1233 421 1306 Quodsi
449 1233 543 1310 ipsam
570 1233 698 1310 aliquam
728 1233 883 1294 diatribam
911 1239 1003 1292 totam
1031 1233 1179 1292 homiliam
1208 1233 1305 1294 dicere

132 1341 342 1400 nonnunquam
383 1324 506 1382 fortasse
539 1323 727 1395 dubitaveris,
771 1324 827 1381 hoc
866 1327 945 1381 certe
977 1323 1076 1398 negari
1109 1341 1167 1382 non
1199 1323 1306 1398 poterit

132 1412 228 1471 intra
251 1412 441 1482 diatribam
465 1411 634 1471 universum
657 1417 791 1470 tenorem
813 1412 987 1488 plerumque
1010 1429 1074 1470 esse
1097 1412 1305 1472 homileticum.

133 1501 225 1560 Velut
252 1501 329 1560 Plut.
358 1502 395 1560 de
423 1501 527 1560 cruios.
562 1503 635 1576 341,
667 1503 706 1560 18
736 1519 779 1578 sq.
807 1519 931 1578 prorsus
960 1501 1126 1560 homiletice
1148 1501 1247 1577 agitur
1269 1502 1306 1560 de

133 1591 252 1666 tragicis
276 1591 409 1650 versibus

403 1679 508 1759 ,οἴμοι
531 1677 565 1740 τὸ
588 1676 690 1740 κακὸν
711 1684 766 1760 τῆς
788 1677 929 1758 εὐτυχίας

401 1767 447 1837 ὡς
468 1767 588 1848 μᾶλλον
613 1768 644 1836 ἒς
668 1765 724 1836 οὖς
747 1767 872 1848 φέρεται
895 1767 1036 1848 θιητῶνῗ
1048 1767 1070 1844 l)

133 1875 181 1952 (cf.
206 1875 293 1935 etiam
317 1876 355 1934 de
378 1894 442 1952 cup.
465 1875 546 1935 divit.
571 1878 645 1950 358,
671 1878 720 1935 19.
743 1877 780 1934 de
804 1877 909 1936 curios.
934 1876 1066 1952 350,1),
1090 1895 1143 1936 nec
1158 1877 1218 1935 seio
1235 1878 1306 1954 quid

134 1966 254 2042 propius
282 1966 358 2024 absit
385 1967 421 2024 ab
450 1965 579 2024 homiliis
612 1985 698 2042 quam
729 1966 846 2042 copiosa
874 1966 925 2024 illa
952 1965 1110 2024 illustratio
1138 1984 1173 2024 ac
1199 1967 1306 2026 confir-

135 2055 223 2113 matio
246 2055 386 2130 Diogenis
418 2054 655 2132 apopthegnratis
679 2055 716 2113 de
740 2062 855 2131 tranqu.
890 2053 962 2128 246,
987 2057 1005 2114 6
1035 2055 1125 2114 allati.
1157 2056 1193 2113 cf.
1218 2057 1307 2116 etiam

135 2145 173 2203 de
196 2153 310 2221 tranqu.
345 2145 417 2219 236,
444 2146 472 2203 3.
505 2144 542 2202 de
565 2145 671 2204 curios,
706 2147 779 2218 337,
803 2146 853 2203 25.
888 2146 960 2218 339,
985 2146 1013 2203 9.
1047 2146 1195 2218 349,13.

687 2353 753 2424 25.

225 2482 369 2542 Orationis
406 2483 513 2542 deinde
551 2483 635 2558 vigor
671 2503 807 2559 magnam
842 2490 956 2560 partem
993 2483 1122 2542 efficitur
1153 2484 1308 2560 permultis

135 2571 414 2646 interrogationibus
441 2573 568 2631 insertis.
600 2574 636 2632 ci.
664 2572 724 2632 Tel.
748 2575 777 2646 4,
805 2575 825 2631 4
850 2591 893 2650 sq.
928 2573 1022 2649 Epict.
1047 2573 1076 2631 ΙΙ
1103 2575 1152 2645 16,
1181 2575 1231 2632 32.
1263 2573 1308 2633 III

138 2661 188 2734 26,
219 2663 245 2719 1.
278 2661 322 2719 IV
347 2664 374 2735 7,
405 2662 454 2720 15.
488 2664 539 2721 28.
571 2661 682 2722 Muson.
709 2664 780 2736 754,
810 2664 859 2721 21.
892 2663 961 2721 Hor.
986 2668 1038 2721 sat.
1061 2662 1091 2720 Il
1115 2665 1144 2736 3,
1171 2664 1231 2722 122
1256 2681 1308 2740 sq,

139 2750 189 2807 ubi
212 2750 399 2809 cumulantur
421 2751 671 2826 interrogationes.
718 2750 924 2810 Memorabiles
947 2756 1016 2810 sunt
1039 2769 1098 2826 eae,
1122 2770 1198 2828 qnae
1221 2771 1308 2828 quam

139 2839 231 2897 stulto
259 2839 297 2897 sit
325 2840 454 2915 vulgaris
483 2841 636 2914 sententia,
664 2841 791 2900 absurdo
819 2841 918 2917 aliquo
946 2841 1083 2916 exemplo
1106 2841 1224 2900 docent:
1248 2840 1308 2901 Tel.

138 2931 166 3000 5,
191 2929 209 2986 2
239 2929 258 3007 ἢ
282 2935 371 3007 πεινᾷ
394 2951 437 2996 τις
463 2927 656 3006 alenceium,
687 2929 780 3005 Epict.
808 2930 839 2989 ll
866 2932 926 3004 16,Ι
942 2931 981 2987 14
1011 2927 1198 3009 τηλικαύτας
1225 2930 1310 3009 ἔχων

136 3021 240 3096 χεῖρας
266 3016 306 3077 ἔτι
330 3017 427 3097 ζητεῖς
449 3015 503 3079 τὸν
527 3017 742 3097 ἀπομύξοντα;
771 3019 817 3077 ΙΙΙ
843 3021 893 3093 26,
920 3022 959 3078 15
989 3018 1056 3080 τίνα
1081 3018 1201 3079 πώποτ’
1230 3017 1309 3087 εἶδες

137 3194 264 3243 stratum
291 3196 335 3244 est
367 3192 404 3244 ab
431 3191 557 3246 Ernesto
582 3191 711 3245 Webero
740 3207 809 3261 pag.
837 3193 885 3242 221
912 3208 968 3260 sq.;
1002 3207 1059 3246 nec
1085 3193 1184 3246 minus
1211 3198 1308 3247 exstat

138 3263 340 3315 homileticum
360 3263 477 3316 dicendi
491 3279 590 3332 genus
604 3264 685 3332 apud
698 3263 870 3315 Maximum.
899 3263 1157 3318 Utb1·evite1·duo
1172 3265 1309 3334 exempla

137 3349 310 3402 proponam,
321 3335 390 3388 diss.
398 3334 472 3386 Xlll
482 3335 583 3388 statim
593 3335 624 3386 in
634 3336 718 3387 initio
730 3339 883 3403 tamquam
893 3335 993 3388 thema
1003 3335 1194 3388 subiciuntur
1203 3351 1309 3390 versus

511 3402 611 3480 ιὙγεία
630 3411 776 3478 πρεσβίστα
794 3398 934 3477 μακάρων,

510 3470 580 3544 μετὰ
599 3477 651 3528 σοῦ
669 3482 776 3548 ναίοιμι

509 3541 541 3599 τὸ
560 3541 723 3616 λειπόμενον
740 3541 849 3614 βιοτᾶς.ἱ

138 3619 189 3686 qui
214 3623 277 3672 tota
301 3634 380 3688 quae
399 3620 536 3704 sequitur
555 3619 758 3689 disputatione
777 3621 902 3674 verbose
922 3620 1123 3689 explicantur:
1152 3613 1257 3693 Ἐρωτῶ
1275 3615 1309 3687 δὴ

137 3683 186 3741 τὸν
213 3686 326 3754 ποιητὴν
349 3691 399 3745 τοῦ
427 3707 559 3762 ᾳσμοτος,
587 3696 647 3742 τίνα
675 3695 719 3742 καὶ
749 3681 837 3742 οὖσαν
864 3685 911 3755 τὴν
940 3688 1031 3758 ὑγείαν
1058 3683 1157 3756 ταύτην
1184 3683 1310 3752 &iocarer

138 3754 212 3826 αὐτῷ
231 3762 321 3812 ἐλθεῖν
341 3764 492 3833 παρακαλεῖ
509 3755 576 3813 κατὰ
595 3755 642 3828 τὴν
662 3755 750 3830 εὐχήν.
779 3755 843 3830 ’llys'
865 3756 989 3834 μὲνγὰρ
1009 3755 1153 3815 ὑποπτεύω
1181 3766 1236 3816 κτλ.
1273 3763 1309 3816 In

138 3832 207 3885 diss.
228 3831 272 3884 III
300 3833 401 3886 thema
427 3841 472 3887 est
498 3833 603 3886 fabula
630 3832 779 3901 quaedam
799 3833 938 3917 Aesopea
965 3835 1051 3887 cuius
1077 3834 1221 3888 moralem
1245 3850 1310 3889 sen-

138 3920 204 3958 sum
231 3905 278 3967 (cf.
298 3905 436 3957 subluit.
461 3909 661 3976 κατομέμικτπι
679 3904 709 3956 δὲ
729 3905 758 3954 ἐν
775 3909 832 3962 τοῖς
857 3907 959 3972 λογοις’
979 3898 1087 3963 τούτοις
1111 3907 1176 3964 νοῦς
1198 3904 1308 3974 βαχὺς,

138 3968 324 4046 ιιίνιττόμενός
333 3993 358 4026 τι
367 3976 422 4026 τῶν
432 3969 553 4042 ἀληθῶν)
562 3981 707 4045 sequente
716 3976 926 4030 dissertatione
937 3977 1045 4030 elicere
1055 3976 1157 4031 studet
1167 3992 1199 4031 so
1217 3926 1309 4032 hista.

138 4046 277 4116 Denique
290 4047 397 4116 plenus
411 4052 456 4100 est
469 4047 616 4101 Maximus
636 4047 756 4100 moralis
769 4048 1024 4116 interpretationis
1042 4048 1172 4114 Homeri,
1193 3995 1230 4102 45
1249 4065 1308 4118 quo

139 4118 210 4170 dicit
234 4119 303 4171 diss.
323 4117 439 4171 XXXII
458 4134 528 4188 pag.
551 4121 609 4187 127,
631 4122 642 4169 1
678 4119 797 4172 Duebn.
820 4123 865 4170 καὶ
884 4113 1008 4191 “’ομηρος
1026 4119 1077 4192 μὲν
1096 4113 1309 4193 ἀποκηρύττεται

138 4191 316 4258 φιλοσοφίας,
337 4186 352 4240 ὁ
372 4183 480 4260 ἡγεμών
496 4190 547 4241 τοῦ
565 4195 669 4259 γένους.

231 4277 250 4344 ¹)
270 4279 306 4331 cf.
326 4277 434 4333 Nauck
454 4279 562 4348 fragm.
582 4277 673 4348 trag.²
691 4293 762 4350 pag.
781 4282 843 4330 913.
