3216 5218
745 417 964 476 ..22-

370 608 538 691 πολυτελὴς
560 609 744 680 σύνδειπνος
767 657 774 671 .
798 657 805 670 .
829 658 835 671 .
859 609 914 672 καλ
936 609 1099 690 σύγκοιτος
1122 608 1273 692 ὀδυνηρά,
1296 611 1438 692 φροντίσι

372 747 378 759 .
462 699 659 761 ἐκκόπτουσα
682 698 736 761 τὸν
758 700 858 762 ὕπνον
881 699 935 761 καὶ
959 698 1199 780 διαφθείρουσα.

266 790 303 848 de
336 789 441 849 curios.
475 792 548 862 337,
584 792 622 848 14
657 790 675 869 ἡ
708 788 796 870 ψυχὴ
831 788 970 870 γέμουσα
1003 793 1115 850 κακῶν
1146 788 1360 850 παντοδαπῶν
1386 789 1439 851 καὶ

372 878 539 959 φρίττουσα
572 877 625 939 καί
656 878 842 958 φοβουμένη
875 877 912 939 τὰ
945 877 1036 940 ἔνδον
1074 877 1198 958 ἐκπηδᾷ
1231 877 1352 959 θύραζε
1385 877 1438 940 καλ

372 966 522 1030 πλανᾶται
554 966 625 1049 περὶ
651 966 821 1047 τάλλότρια,
853 966 1016 1048 βόσκουσα
1045 965 1098 1028 καί
1124 967 1290 1028 πιαίνουσα
1318 965 1353 1029 τδ
1382 990 1438 1029 κα-

373 1055 500 1136 κόηθες.
536 1058 609 1131 349,
632 1059 670 1116 22
697 1055 745 1118 δεῖ
766 1105 772 1116 .
790 1104 820 1116 ..
843 1056 888 1138 μὴ
904 1055 1052 1137 καθάπερ
1068 1055 1258 1137 θεράπειναν
1273 1056 1441 1136 ἀνάγωγον

373 1145 436 1216 ἔξω
460 1145 633 1226 ῥέμβεσθαι
655 1144 710 1226 τὴν
733 1146 887 1226 αἴσθησιν,
911 1144 977 1207 ἀλλ’
1003 1144 1274 1226 ἀποπεμπομένην
1297 1144 1360 1207 ὑπὸ
1387 1152 1440 1227 τῆς

372 1240 479 1314 ψυχῆς
502 1234 551 1295 ἐπὶ
574 1233 610 1295 τὰ
634 1234 802 1315 πράγματα
826 1235 1043 1315 συντυγχάνειν
1067 1234 1171 1303 αὐτοῖς
1184 1233 1260 1315 ταχύ
1276 1234 1330 1296 καλ
1354 1233 1439 1315 διαγ-

374 1323 494 1402 γέλλειν.
541 1326 613 1398 350,
647 1328 665 1384 5
699 1324 732 1384 σί
761 1323 807 1404 μὴ
839 1328 987 1404 τυχοῦσαι
1019 1322 1235 1404 παιδαγωγίας
1267 1371 1274 1384 .
1299 1371 1305 1384 .
1339 1323 1441 1405 ὀρθῆς

372 1412 450 1493 μηδ’
486 1411 650 1493 ἀσκήσεως
678 1413 837 1494 αἰσθήσεις
868 1413 1134 1493 προεκτρέχουσαι
1165 1412 1219 1473 καὶ
1250 1411 1439 1494 συνεφελκό-

374 1524 465 1582 μεναι
489 1501 638 1570 πολλάκις
661 1501 704 1570 εἰς
726 1502 746 1563 ἃ
768 1501 814 1583 μὴ
840 1501 892 1572 δεῖ,
917 1500 1146 1582 καταβάλλουσι
1168 1501 1224 1582 τὴν
1247 1501 1395 1563 διάνοιαν.

267 1593 379 1651 Muson.
405 1594 477 1666 751,
501 1595 519 1651 3
547 1591 602 1659 οὓς
624 1591 644 1672 ἡ
669 1591 754 1672 φυγὴ
780 1590 990 1672 σκληρότερον
1006 1590 1182 1652 διαιτᾶσθαι
1205 1590 1393 1653 συνεθίσασα

375 1680 468 1759 ὑγιεῖς
492 1679 636 1760 γενέσθαι
658 1680 892 1761 παρεσκεύασεν
916 1727 922 1740 .
947 1727 953 1740 .
978 1727 984 1740 .
1009 1685 1151 1761 συνεργεῖ
1173 1679 1292 1760 μᾶλλον
1317 1683 1335 1761 ἢ
1360 1680 1440 1741 ἀντι-

373 1769 496 1849 πράττει
519 1770 538 1849 ἡ
563 1769 657 1850 φυγή.

268 1859 337 1917 ΙΙοι·.
363 1866 416 1918 sat.
441 1860 455 1917 Ι
481 1861 508 1933 1,
535 1860 562 1930 2,
588 1862 637 1919 75.
670 1859 806 1918 Fortasse
828 1859 917 1918 etiam
940 1877 1109 1935 comparare
1126 1853 1196 1918 licet
1217 1865 1270 1918 sat
1294 1860 1323 1918 ΙΙ
1348 1862 1375 1929 7,
1400 1860 1440 1918 74

268 1943 335 2006 Ioni
370 1967 444 2022 υαηα
480 1949 615 2024 ηκοείλίοί
646 1949 742 2024 frenis
778 1953 887 2006 υσλιινα
923 1949 1044 2023 nepotis,
1087 1967 1263 2025 quamquam
1304 1949 1342 2008 de
1378 1948 1442 2024 ipsa

241 2057 244 2062 ·
267 2038 477 2113 prosopopoeia
506 2038 562 2096 lroc
590 2037 654 2096 loco
683 2055 740 2095 non
768 2037 874 2112 agitur,
902 2056 970 2095 nam
998 2037 1066 2113 equi
1095 2037 1192 2113 potius
1221 2037 1441 2096 similitudinem

267 2133 418 2202 spectasse
443 2127 561 2186 videtur
584 2132 679 2202 poeta.

827 2226 888 2297 1'4.

356 2358 439 2430 Quod
463 2357 558 2416 maius
581 2363 679 2416 autem
696 2362 750 2431 est,
774 2375 832 2415 non
848 2375 912 2415 raro
928 2356 1110 2415 inducuntur
1125 2359 1276 2416 abstracta
1292 2364 1440 2434 tamquam

267 2465 414 2523 personae,
442 2464 518 2524 qnae
542 2452 572 2505 et
595 2446 809 2523 compellantur
832 2451 862 2504 et
887 2447 969 2522 ipsae
992 2445 1163 2522 loquuntur,
1191 2451 1221 2505 et
1244 2447 1300 2506 hae
1323 2447 1441 2524 quidem

268 2541 336 2594 sunt
359 2555 456 2595 merae
478 2537 674 2612 propriaeque
697 2535 941 2612 prosopopoeiae:

268 2624 327 2684 Tel.
352 2627 403 2698 48,
433 2628 451 2684 3
486 2624 569 2685 ούτοο
602 2623 655 2684 καὶ
688 2621 767 2704 ἀνὴρ
799 2621 921 2703 ἀγαθὸς
950 2622 1030 2683 εἴποι
1060 2621 1141 2703 πρὸς
1170 2622 1225 2703 τὴν
1252 2623 1348 2705 τύχην
1373 2623 1441 2688 κτλ.

374 2716 403 2788 4,
430 2718 446 2773 7
473 2733 637 2773 sermonem
654 2715 743 2772 habes
764 2709 889 2783 Πενίας,
924 2715 952 2786 5,
979 2714 1018 2771 13
1043 2710 1174 2780 Κακίας.
1207 2714 1244 2772 cf.
1270 2717 1298 2787 3,
1326 2717 1363 2773 15
1391 2711 1439 2775 διδ

374 2802 427 2864 καί
450 2803 478 2863 εἰ
498 2798 598 2881 λόβοι,
622 2801 717 2883 φησίν
741 2801 758 2864 ὁ
783 2800 879 2871 Βίων,
903 2799 1017 2881 φωνὴν
1039 2800 1075 2862 τὰ
1098 2801 1267 2882 πράγματα
1292 2801 1387 2880 eall)

269 2893 346 2951 Plut.
371 2893 408 2951 de
431 2911 497 2969 cup.
520 2893 600 2951 divit.
626 2894 698 2965 356,
723 2893 740 2950 2
766 2883 835 2951 ἀλλ’
854 2891 933 2951 ἔστιν
948 2890 1042 2951 εἰπεῖν
1057 2888 1138 2971 πρὸς
1152 2889 1206 2952 τὸν
1221 2889 1356 2953 πλοῦτον
1373 2890 1440 2956 κτλ.

199 3023 212 3040 0
268 2983 305 3040 de
329 2988 443 3062 tranqu.
469 2983 541 3056 232,
567 2983 606 3040 23
631 2978 712 3061 πρὸς
734 2979 789 3060 τὴν
812 2979 908 3060 τύχην
933 2979 1026 3040 εἰπεῖν
1050 2978 1116 3042 κτλ.
1141 2982 1214 3054 235,
1232 2982 1272 3039 22
1290 2979 1371 3061 πρὸς
1386 2979 1442 3061 τὴν

373 3070 470 3150 τύχην
481 3068 626 3149 λέγοντας
638 3069 703 3132 κτλ.
721 3072 794 3143 237,
808 3072 846 3129 16
858 3068 876 3130 ὁ
889 3067 948 3149 γὰρ
959 3067 1057 3130 εἰπὼν
1070 3067 1352 3149 ,προκατείλημμαί
1362 3070 1392 3141 σ,’
1413 3067 1442 3131 ὦ

374 3159 469 3240 τύχη,
485 3158 551 3222 κτλ.
576 3161 612 3219 cf.
624 3159 748 3218 Zenonis
760 3159 835 3217 illud
850 3155 923 3237 εεὖγ’
939 3153 1066 3238 ὦτύχη’
1083 3156 1150 3220 κτλ.
1168 3159 1241 3232 215,
1255 3162 1281 3219 7.
1300 3160 1386 3235 Ipsae
1399 3159 1442 3218 lo·

375 3254 507 3326 qunntur
521 3249 553 3308 αἳ
567 3253 631 3308 τῶν
646 3247 764 3308 παθῶν
779 3246 885 3329 φωναί
900 3245 981 3326 πρὸς
996 3245 1051 3326 τὴν
1067 3245 1161 3326 κενὴν
1176 3245 1274 3318 δόξαν
1291 3250 1364 3322 224,
1389 3251 1439 3308 23.

269 3339 338 3397 Hor.
363 3344 417 3397 sat.
442 3339 456 3396 Ι
481 3339 509 3412 2,
535 3340 575 3397 68
602 3338 679 3396 Hunc
702 3337 730 3396 si
752 3339 885 3395 υιιιίουίε
907 3337 999 3394 uerbis
1022 3337 1101 3394 κιαία
1126 3342 1208 3395 lanto
1230 3338 1340 3396 τότίουίι

374 3428 487 3486 Diceret
510 3427 578 3486 λιαεε
600 3428 723 3485 errimus
748 3427 841 3503 ,Quia
862 3427 908 3484 cis
932 3425 991 3484 tlol’
1015 3443 1076 3502 eqs.
1418 3419 1420 3424 ¹

268 3518 304 3576 cl.
333 3522 386 3576 sat.
415 3517 446 3576 Π
471 3519 499 3591 2,
524 3518 565 3576 39
591 3517 770 3594 ιΡοννοοίυυι
792 3535 900 3591 magno
922 3533 1067 3590 proporaria
1090 3520 1214 3590 εγιυοίανο
1236 3516 1331 3574 collato

380 3606 504 3678 Vellem,’
526 3607 568 3664 oti
592 3606 734 3681 Harpyiis
755 3605 826 3680 ηαλμ
849 3604 938 3678 digna
960 3604 1122 3679 ναμαείδυε.

356 3696 513 3771 Egregium
544 3694 772 3771 prosopopoeiae
804 3693 973 3769 exemplum
1002 3694 1093 3752 habes
1121 3693 1199 3752 Plut.
1231 3712 1267 3752 an
1298 3694 1442 3753 vitiositas

267 3786 303 3844 ad
328 3785 379 3843 inf.
395 3785 493 3860 suffe>
518 3786 590 3856 293,
616 3787 633 3844 6
659 3784 726 3860 (vol.
743 3783 807 3857 ΙΙΙ),
832 3783 882 3841 ubi
898 3783 1079 3841 inducuntur
1095 3783 1246 3841 Vitiosilas
1269 3789 1300 3842 ct
1315 3783 1443 3842 Fortuna

267 3875 341 3932 inter
365 3892 396 3933 se
419 3879 574 3933 certantes.

359 4067 377 4131 ¹)
398 4067 526 4120 Interest
562 4066 712 4134 inspicere
749 4064 831 4119 locos
870 4062 908 4116 ad
938 4063 1164 4116 similitudinem
1192 4063 1325 4118 Bionese
1360 4064 1442 4117 illius

267 4154 385 4237 procop.
411 4139 515 4203 factos,
535 4153 610 4205 quos
630 4138 783 4205 congessit
802 4134 923 4190 Norden
943 4135 961 4186 l.
982 4151 997 4188 c
1026 4150 1095 4204 pag.
1116 4137 1167 4185 344
1187 4151 1230 4204 sq.

368 4213 457 4278 >quo
483 4210 515 4262 in
538 4209 638 4262 libello
663 4223 724 4262 non
750 4209 838 4276 pauci
866 4206 1023 4275 perlucent
1047 4205 1152 4259 Bionei
1178 4207 1301 4260 colores.
1331 4206 1367 4260 cf.
1398 4221 1442 4273 ea,

269 4296 347 4350 quac
367 4281 505 4350 exposuit
525 4279 625 4333 Hense
645 4278 708 4332 Tel.
728 4295 798 4348 pag.
819 4276 973 4331 LXXXIX
993 4277 1061 4330 adn.
