3216 5218
618 435 838 492 „11-

139 627 240 685 crebra
263 631 342 698 sunt,
365 646 441 704 quae
464 647 513 687 res
532 629 570 686 ad
590 629 696 688 medici
716 635 809 688 artem
825 630 1004 705 pertinentes
1020 630 1102 688 velut
1117 629 1312 688 instrumenta

140 715 331 789 medicinalia,
355 719 479 786 morbos„
504 718 617 791 similia,
641 718 821 794 significant:

140 803 198 862 Tel.
226 807 275 878 13,
300 807 318 863 5
344 805 519 885 ὀξαρεγμία.
568 809 618 872 29,
644 809 683 865 22
708 805 836 887 ὕδρωψ,
860 805 1050 886 ὑδρωπικός.
1076 810 1126 880 41,
1151 810 1188 866 13
1213 829 1310 886 μονο-

247 893 331 954 σιτία.
363 896 413 968 46,
438 899 456 954 5
482 893 601 966 καλλός,
626 895 794 976 ἀνάπηρος.
861 911 864 917 “

139 982 218 1040 Plut.
240 983 277 1042 de
293 1002 359 1060 oup.
376 985 457 1043 divit.
482 987 555 1058 358,
574 988 590 1045 6
615 985 756 1064 πυρέττω
780 987 816 1045 ei.
834 987 870 1044 de
885 991 999 1062 tranqn.
1018 987 1090 1058 218,
1109 987 1158 1044 18.
1192 986 1228 1044 de
1248 985 1312 1043 virt.

238 1078 277 1130 'et
301 1073 349 1152 vit.
375 1073 446 1146 244,
470 1071 499 1132 4.
545 1075 639 1151 Epiot.
669 1075 713 1133 Ill
737 1077 787 1144 20,
812 1077 839 1133 3.
866 1077 893 1134 8.

228 1162 285 1220 ¹de
318 1167 430 1238 tranqn.
466 1164 538 1236 208,
573 1166 610 1221 21
646 1162 792 1243 ποδάγρα
825 1165 860 1222 oi.
894 1165 1003 1222 lluson.
1039 1167 1088 1238 71,
1123 1167 1151 1222 3,
1186 1165 1258 1236 209,
1294 1166 1309 1221 1

246 1251 440 1330 παρωνυχία.
475 1254 547 1324 209,
577 1255 594 1310 2
624 1251 815 1332 κεφαλαλγία
845 1255 880 1311 ol.
904 1253 998 1329 Epiot.
1023 1254 1068 1310 ΙΙΙ
1093 1255 1143 1338 26,
1176 1255 1203 1312 8.
1240 1253 1312 1324 212,

248 1341 268 1397 4
303 1347 426 1400 ναυτιῶ.
463 1343 535 1415 212,
574 1345 589 1400 7
627 1341 712 1421 χολή.
759 1345 831 1414 217,
870 1345 908 1400 14
945 1340 1126 1421 ὀδοντάγρα.
1162 1344 1234 1406 217,
1272 1343 1311 1399 15

248 1427 373 1508 ἆγκτήρ.
417 1432 489 1504 219,
525 1432 564 1488 14
598 1430 698 1490 σικύα.
741 1432 776 1490 ol.
810 1432 847 1490 de
878 1431 944 1490 exil.
980 1434 1052 1504 553,
1089 1432 1137 1490 10.
1186 1432 1258 1503 239,
1293 1433 1311 1488 3

247 1516 384 1596 ἠπισλός,
407 1517 546 1598 πυρετός.

248 1607 286 1664 de
309 1607 376 1665 exil.
401 1611 474 1681 571,
502 1612 539 1666 17
566 1607 738 1688 φαλακρός.

247 1697 284 1754 de
319 1697 387 1756 virt.
418 1703 449 1756 et
480 1699 531 1755 vit.
566 1701 639 1772 245,
673 1701 692 1756 4
725 1698 813 1778 ἰχώρ.
853 1701 925 1771 247,
961 1701 979 1758 8
1012 1695 1146 1778 χαλικός.
1185 1700 1258 1770 247,
1294 1699 1312 1755 9

247 1783 413 1856 κοιλιακός,
439 1784 659 1866 ὃασενιερικός.

248 1875 284 1932 de
316 1875 420 1933 curios.
455 1878 528 1943 342,
562 1878 601 1935 25
636 1875 751 1956 σύριγξ.
785 1879 858 1946 342,
894 1879 933 1936 26
968 1875 1125 1954 κάρκινος.
1161 1877 1234 1948 347,
1270 1875 1312 1932 10

248 1962 409 2042 ἀκνήμαιν.
425 1967 498 2038 347,
514 1967 551 2022 11
568 1963 759 2044 γαλεαγκών,
773 1964 998 2045 τριόφθαλμσς.
1016 1968 1089 2038 347,
1108 1967 1145 2022 12
1158 1962 1312 2043 στρουθο-

247 2051 392 2131 utpotae.
425 2056 498 2127 352,
524 2056 564 2112 24
590 2053 810 2133 γαργαλισμός,
835 2057 908 2128 352,
934 2059 974 2113 25
1000 2053 1141 2133 ἀμύσσω.

140 2141 235 2217 Epist.
260 2141 289 2198 Il
315 2143 365 2216 16,
392 2145 430 2202 16
454 2142 559 2221 μύξαι.

247 2230 294 2288 ΠΙ
318 2232 368 2303 26,
393 2235 410 2290 5
436 2231 563 2310 ἀπεψία.

142 2319 211 2377 Hor.
237 2326 290 2378 sat.
315 2320 329 2377 Ι
355 2321 381 2393 1,
406 2321 446 2380 82
471 2321 644 2396 fomentum.

246 2409 293 2466 nx
315 2409 479 2468 histrionali
502 2416 563 2469 arte
585 2411 751 2470 fluxerunt:

141 2496 201 2555 Tel.
225 2499 254 2570 3,
281 2501 296 2556 7
324 2495 550 2578 ὃεατερολόγος,
573 2499 785 2579 πρωτσλόγας,
809 2500 992 2580 πρόσωπον.
1033 2503 1079 2571 11,
1104 2503 1122 2558 5
1147 2497 1312 2579 πρόλογος.
1384 2511 1387 2516 “

164 2583 167 2597 ’
251 2589 299 2660 11,
324 2590 341 2646 6
366 2589 576 2668 καταστροφή.
1302 2587 1304 2592 1

140 2675 219 2734 Plut.
244 2676 281 2734 de
305 2683 418 2753 tranqm
444 2679 515 2750 229,
544 2681 581 2737 15
607 2679 644 2737 de
667 2698 733 2754 onp.
758 2679 840 2736 divit.
865 2681 938 2751 367,
966 2681 1002 2736 17
1028 2676 1172 2756 θέατρον.

141 2765 210 2823 Hor.
235 2771 287 2823 sat.
312 2766 327 2823 I
354 2768 379 2840 1,
409 2769 446 2825 18
466 2773 574 2842 portae.

247 2854 272 2912 E
295 2855 457 2930 palaestra:

140 2941 200 3002 Tel.
228 2946 255 3015 7,
282 2945 297 3000 1
325 2943 620 3025 ὃιαιραχηλίζεσθαι.
662 2947 712 3018 30,
743 2949 778 3003 15
804 2943 914 3024 γλσιός.
951 2949 977 3017 7,
1002 2948 1020 3003 3
1045 2951 1244 3024 προσστῆναι.

140 3031 218 3090 Plut.
243 3031 279 3090 de
303 3052 368 3109 oup.
392 3035 473 3093 divit.
507 3037 580 3106 363,
613 3036 653 3092 24
678 3033 838 3112 κσλσαιών,
863 3039 990 3113 σφαῖρα,
1025 3032 1242 3113 τραχηλισμός.
1276 3034 1313 3090 de

247 3122 351 3181 ourios.
386 3126 459 3198 349,
485 3125 525 3182 20
549 3121 780 3202 τραχηλίζσμαι.

230 3210 347 3270 Maioris
384 3213 472 3270 etiam
503 3214 641 3271 momenti
675 3233 762 3289 qnam
795 3214 876 3286 talia,
914 3213 1012 3288 qualia
1045 3213 1131 3270 modo
1163 3211 1311 3287 proposui,

141 3304 209 3356 sunt
236 3299 313 3359 alins
341 3302 494 3360 cuiusdam
517 3303 632 3376 generis
657 3303 805 3374 vocabule,
833 3304 925 3360 forma
949 3302 1069 3378 quidem
1093 3320 1151 3358 non
1175 3300 1311 3374 insignia,

141 3389 194 3446 sed
217 3390 324 3464 quibus
348 3410 423 3466 quae
447 3392 580 3449 dicturus
603 3399 666 3450 erat
689 3392 822 3467 scriptor,
851 3391 937 3449 iaoile
963 3391 1115 3449 urbaniore
1138 3390 1238 3465 aliquo
1263 3407 1311 3447 vo-

140 3478 243 3536 oabnlo
267 3481 431 3555 exprimere
454 3485 574 3556 poterat.

230 3568 321 3627 Onius
363 3570 476 3644 generis
507 3575 575 3628 sunt
609 3569 750 3646 τερετίζω
786 3569 845 3627 Tel.
882 3572 910 3640 4,
949 3571 1006 3643 12,
1048 3569 1183 3643 (fortasse
1226 3567 1313 3624 etiam

140 3654 300 3735 ψιθυρίζω
333 3659 412 3716 Plut.
445 3659 482 3716 (le
512 3663 625 3735 tranqn.
660 3661 732 3729 216,
767 3660 784 3716 9
818 3666 848 3717 et
889 3656 1114 3736 σαμψιθαρίζαι
1144 3657 1181 3714 tle
1209 3656 1313 3714 curios.

142 3746 214 3818 346,
229 3747 269 3820 4),
286 3747 436 3826 κσρυζάω
454 3748 512 3805 Tel.
530 3750 578 3820 13,
598 3751 650 3822 13,
668 3747 895 3826 στραγγεύομαι
912 3747 973 3804 Tel.
991 3749 1041 3819 26,
1062 3749 1093 3820 1,
1110 3747 1146 3804 ei.
1164 3745 1312 3820 Aristoph.

140 3835 212 3892 Aen.
248 3836 318 3909 126,
351 3837 427 3895 Nnb.
464 3839 535 3910 131,
568 3835 676 3916 ύώόης
700 3836 759 3894 Tel.
787 3839 835 3910 13,
862 3840 894 3908 5,
924 3833 1139 3914 σκορακισμός
1170 3834 1247 3892 Plut.
1276 3835 1313 3892 de

140 3929 253 3999 tranqn.
279 3925 351 3998 215,
376 3928 433 4000 21,
463 3923 550 3985 λαλῶ
574 3925 650 3983 Plut.
675 3927 711 3984 de
735 3926 839 3984 curios
864 3927 937 3998 345,
965 3928 991 3998 1,
1016 3925 1110 3999 Epiot.
1135 3923 1177 3981 IV
1203 3926 1231 3990 7,
1257 3923 1312 3995 29,

140 4012 225 4070 bocca
244 4013 312 4071 Hor.
335 4021 387 4073 sat.
408 4016 422 4072 Ι
443 4019 467 4088 1,
489 4017 544 4088 21,
567 4015 659 4072 eloneo
676 4015 744 4072 ibid.
763 4035 788 4072 r.
808 4016 847 4071 12
870 4017 933 4089 (pro
955 4014 1084 4086 „fortiter
1101 4032 1135 4070 ao
1152 4013 1313 4089 praefracte

140 4103 302 4160 oontendo“
326 4105 361 4162 oi.
386 4103 451 4162 adn.
475 4105 512 4161 ao
536 4105 591 4162 hoo
614 4105 736 4162 verbum
760 4104 788 4160 in
809 4105 910 4161 Horat.
936 4121 991 4161 reo.
1009 4101 1100 4160 Orelli
1125 4103 1169 4160 erl.
1186 4101 1228 4158 IV
1252 4119 1312 4159 our.

139 4209 156 4247 a
188 4191 325 4252 Mewesio
359 4193 414 4251 vol.
439 4194 488 4268 ll),
522 4194 558 4252 of.
584 4201 636 4251 sat.
662 4193 676 4251 l
706 4195 734 4266 2,
760 4197 800 4250 35
820 4193 952 4268 paraneto
984 4193 1032 4268 (de
1065 4192 1146 4250 ooitn
1178 4189 1312 4269 dietum),

140 4281 181 4338 44
202 4283 367 4358 perrumpe,
392 4283 407 4342 I
431 4285 459 4354 3,
486 4285 524 4343 18
550 4288 645 4356 startO,
673 4285 734 4342 136
758 4282 906 4358 ruoperto
930 4287 955 4340 et
980 4282 1078 4354 letrae,
1103 4279 1167 4340 alia.
