3216 5218
777 391 995 450 ,64-

294 586 417 644 instillet
446 584 603 658 33333331)
637 590 652 658 3
684 587 701 644 6
733 585 894 661 adfluetque
922 586 960 644 ed
982 591 1007 642 te
1034 591 1172 662 opturuus
1200 586 1326 662 quisque,
1372 585 1465 659 Quam

295 675 454 734 efficaciter
477 663 584 733 deinde
607 675 718 733 dictum
748 679 762 747 3
789 679 807 733 3
833 676 883 750 qui
906 675 943 732 ud
964 676 1119 750 peurrriurn
1149 675 1353 750 tenerumque
1376 695 1467 733 eursu

293 765 407 822 ruentis
428 769 546 840 prensat
569 783 601 820 ae
615 764 735 822 retrahit
758 769 783 821 et
808 810 862 822 ...
886 769 955 822 certe
969 770 1110 835 meretur,
1135 765 1169 822 in
1190 765 1302 840 priuato
1316 765 1467 840 publuum

294 853 444 928 3393333333
459 854 519 928 epit
526 855 538 910 l
575 853 666 911 Cuius
683 854 843 911 sententiae
860 855 948 912 verba
968 853 1068 911 ultima
1085 853 1173 911 simul
1188 853 1321 912 acumine
1338 854 1466 929 quodam

295 943 420 1017 insignia
445 949 514 1000 sunt
542 949 572 1000 et
594 942 688 1017 primo
717 944 822 1000 obtutu
850 943 987 1018 paradoxi
1016 942 1127 1018 aliquid
1152 942 1285 1000 ridentur
1308 943 1465 1001 continere.

294 1031 423 1096 Accedit
404 1032 525 1130 thuor
542 1035 593 1103 36
619 1032 656 1089 de
673 1031 779 1089 virtute
750 1038 977 1107 ttarnqnamr
969 1032 1005 1089 de
1018 1049 1140 1106 persona
1157 1031 1228 1089 dicit
1217 1037 1276 1089 tzur
1301 1051 1467 1132 numquam

295 1121 375 1178 eninr
402 1121 535 1196 quamuis
521 1121 687 1178 sobseuru
717 1122 762 1178 333·
763 1127 810 1177 333
835 1121 900 1178 lutet
927 1121 976 1177 sed
1006 1140 1085 1178 3333
1041 1121 1132 1177 333333
1119 1121 1169 1178 333
1196 1121 1299 1195 siqua:
1332 1121 1468 1196 quisquis

295 1210 403 1284 33393333
430 1210 530 1284 fuerit,
562 1215 643 1266 3333
630 1229 691 1284 9333
719 1209 802 1266 illum
831 1210 948 1282 33333933
996 1209 1129 1267 Dilucide
1158 1210 1304 1267 scribendi
1335 1210 1466 1268 studium

296 1299 473 1356 Atlrenodori
497 1303 686 1372 cognoscete
688 1299 757 1356 tiam
775 1299 824 1374 qni
846 1299 883 1356 ad
905 1298 1112 1374 exemplificat
1106 1317 1201 1356 rouem
1226 1303 1270 1357 att
1271 1299 1415 1358 enderitr
1407 1318 1467 1374 qua

297 1388 398 1445 utitur.
443 1388 581 1445 Proxime
613 1387 689 1445 enim
724 1407 741 1444 a
778 1394 942 1445 saturarum
982 1388 1049 1445 stilo
1088 1389 1195 1446 absunt
1231 1406 1307 1464 quac
1340 1387 1468 1462 legimus

298 1480 374 1549 373
400 1477 575 1552 incipiemus
597 1477 734 1551 uerrfueu
757 1477 950 1553 uituperare,
980 1477 1040 1534 ulio
1062 1477 1222 1534 subterere
1249 1481 1274 1533 et
1296 1495 1376 1534 urere
1399 1477 1468 1534 sub-

296 1584 407 1623 3333333
434 1570 459 1620 33
486 1583 577 1640 aqueas
605 1571 740 1622 33333333
732 1566 868 1641 difficule
868 1571 936 1622 rtem
961 1566 1088 1622 lurorrurt
1116 1566 1283 1622 educeret
1258 1572 1283 1622 et
1311 1566 1384 1622 neele
1407 1566 1469 1622 3333-

296 1673 415 1730 pensare
439 1659 560 1729 tempus
589 1655 665 1730 9333]
691 1656 801 1712 uobis
797 1674 836 1712 rur
815 1660 906 1711 utura
932 1655 1163 1712 uiresrrmendurn
1191 1655 1273 1712 dedit
1319 1654 1469 1712 ci.etetian1

299 1747 370 1816 36ῑ
400 1744 460 1799 333
451 1743 570 1800 teeds
569 1744 686 1800 tudier
678 1745 861 1813 renueretis,
886 1763 1010 1800 333333·
1011 1743 1238 1818 defusarum
1262 1744 1394 1819 3373393333
1418 1763 1471 1800 ure

297 1837 407 1890 noetern
436 1833 503 1907 steri
531 1833 641 1908 optabis
669 1833 761 1889 3333333
789 1833 869 1890 lueis.
924 1833 1058 1890 Saturam
1088 1832 1201 1890 redolet
1232 1833 1319 1890 etiarn
1353 1833 1470 1891 initium

298 1921 472 1996 paragraphi
499 1923 530 1978 2;
555 1921 604 1978 ..sed
626 1922 695 1996 quin
722 1923 756 1978 in
779 1922 831 1978 3333
855 1928 915 1978 turn
938 1923 1047 1979 insana
1070 1922 1224 1979 boruiuum
1249 1921 1405 1978 arrrbitione
1429 1926 1470 1977 tot

297 2010 558 2068 calumniatoribus
579 2011 613 2067 in
636 2011 760 2068 deterius
782 2016 857 2068 recte
880 2011 1076 2085 torquentibus
1090 2029 1198 2086 purrun
1219 2016 1281 2067 tutu
1296 2010 1471 2086 sirupliritus

298 2105 339 2157 est
366 2117 426 2175 eqs
472 2098 640 2157 Efficacitas
668 2100 774 2158 deinde
803 2100 939 2158 dictionis
968 2101 1123 2157 affectatur
1152 2104 1166 2172 3
1191 2099 1211 2156 4
1241 2099 1470 2174 interrogatione

299 2189 454 2246 rhetorica:
487 2189 537 2245 An
559 2189 606 2245 uu
628 2189 696 2264 plus
717 2194 843 2264 praestet
866 2191 945 2266 eqs?
970 2189 1078 2246 ibidem
1111 2190 1273 2263 anaphora:
1307 2189 1377 2264 quirt
1398 2206 1471 2263 eqs,

298 2278 440 2351 asyndcto
466 2281 480 2349 3
500 2279 533 2335 3:
558 2278 685 2351 3393333,
702 2297 774 2350 3333,
792 2278 921 2336 33333333,
946 2277 1181 2351 Spnonymorum
1206 2295 1292 2335 usum
1309 2295 1472 2352 cognosces

299 2386 337 2424 ex
369 2367 415 2424 his
449 2365 532 2424 locis:
582 2367 692 2424 33333333
723 2386 823 2424 rerum
855 2372 880 2424 et
902 2367 1073 2444 reipublicae
1105 2372 1193 2424 333333
1194 2367 1271 2424 tiene
1298 2372 1328 2424 et
1359 2367 1473 2442 offitiis

297 2457 430 2513 ciuilibus
453 2456 480 2532 (3
508 2457 551 2531 1);
576 2474 595 2512 u
616 2456 682 2531 fore
705 2461 730 2513 et
753 2457 864 2531 publico
887 2456 1124 2532 33333333333333(
1110 2455 1188 2530 2);
1213 2456 1240 2513 33
1263 2474 1380 2513 omnem
1401 2474 1472 2512 een-

298 2545 489 2602 uer'sutionem
513 2545 643 2602 tollimus
666 2550 691 2601 33
712 2546 811 2618 paneri
836 2545 966 2602 brununo
997 2546 1205 2602 renuntiemus
1234 2545 1413 2620 uiuimusque
1436 2545 1474 2601 in

301 2654 354 2692 3333
387 2639 502 2691 tuntum
532 2635 661 2691 33333333
693 2634 720 2710 (3
752 2633 788 2706 7).
835 2634 1024 2692 Concluditur
1053 2640 1142 2709 capit
1172 2634 1349 2710 sententiose
1379 2632 1472 2691 dicto:

300 2742 381 2798 saepe
402 2723 525 2798 praedis
551 2728 626 2780 netu
652 2742 738 2780 33333
765 2723 883 2780 nullum
905 2723 988 2780 eliud
1014 2724 1095 2780 tentet
1085 2729 1220 2797 torpunt
1222 2743 1259 2780 33
1262 2728 1333 2796 33333
1363 2742 1447 2798 que
1441 2742 1474 2778 se

299 2813 393 2888 prebet
416 2813 469 2868 diu
491 2812 598 2869 3333333
620 2817 730 2887 praeter
753 2817 880 2869 aetutem.

390 2900 509 2960 Scilicet
531 2920 587 2957 non
611 2919 711 2958 omnes
735 2901 859 2959 Bioneae
887 2901 1023 2958 dictionis
1054 2901 1247 2977 proprietates
1271 2901 1299 2958 in
1328 2901 1384 2958 hoe
1412 2919 1473 2958 uno

301 2990 430 3066 capitulo
462 2990 654 3065 exspectabis,
686 2991 738 3047 sed
766 3009 841 3066 qnae
869 2991 964 3061 attuli,
994 2992 1029 3047 ad
1059 2990 1233 3048 sententiam
1257 3009 1358 3060 meam,
1382 3009 1472 3064 quma

301 3098 387 3154 supra
415 3080 453 3137 de
476 3079 660 3137 Athenodoro
684 3080 781 3153 statui,
810 3080 1037 3137 confirmandam
1062 3080 1196 3137 sulficere
1220 3097 1334 3138 censeo.

389 3169 492 3244 Itaque
505 3174 539 3226 ut
553 3168 611 3226 iarn
624 3168 829 3243 disputationis
843 3187 925 3226 meae
940 3187 1084 3226 summam
1099 3169 1201 3243 paucis
1218 3167 1475 3244 comprehendam,

302 3258 412 3316 Seneca
435 3257 604 3332 cynicorum
630 3275 802 3329 sermonem,
826 3276 882 3315 non
899 3259 1005 3334 ubique
1030 3276 1107 3330 sane,
1132 3257 1184 3314 sed
1205 3257 1253 3316 ubi
1278 3257 1393 3330 libebat,
1418 3258 1476 3314 boc

301 3353 352 3420 cst,
383 3348 433 3406 ubi
465 3365 512 3405 res
535 3347 655 3415 ferebat,
685 3347 812 3404 inritatus
837 3353 890 3405 est.
936 3347 969 3404 ld
1003 3365 1089 3421 saepe
1119 3347 1236 3418 lactum,
1268 3347 1319 3404 sed
1349 3346 1380 3403 in
1407 3345 1476 3403 aliis

302 3437 383 3495 libris
400 3437 522 3512 spissius
550 3473 587 3479 —
613 3437 695 3494 velut
718 3437 748 3493 in
764 3436 889 3509 dialogis
913 3436 1024 3493 devita
1049 3438 1132 3494 beata
1154 3444 1184 3492 et
1207 3436 1244 3493 de
1262 3435 1475 3510 tranquillitate

301 3526 388 3583 animi
420 3525 589 3601 compositis
620 3561 662 3568 -
694 3525 725 3583 in
755 3525 821 3582 aliis
851 3525 953 3583 rarius.
1000 3525 1101 3582 Bionis
1132 3543 1200 3582 vero
1233 3524 1348 3582 dicendi
1379 3542 1476 3598 genus

302 3615 430 3690 primum
457 3615 671 3689 redintegrasse
699 3617 838 3673 Senecam
868 3614 1039 3688 negandum,
1068 3615 1157 3671 immo
1185 3618 1271 3671 antea
1298 3613 1373 3671 illud
1396 3631 1478 3670 rece-

304 3709 409 3779 perunt
441 3704 532 3763 stoici.
586 3704 635 3763 Sic
669 3704 796 3762 Bioneus
832 3702 928 3775 stiluS,
967 3703 1037 3761 licet
1070 3703 1148 3779 apud
1186 3702 1343 3760 nonnullos
1379 3701 1477 3776 magis

303 3794 465 3867 recesserit,
489 3813 640 3870 nunquam
664 3795 732 3865 lere,
757 3798 790 3850 ut
814 3793 939 3864 videtur,
970 3793 1049 3867 apud
1073 3793 1180 3850 stoicos
1203 3809 1325 3866 prorsus
1349 3790 1476 3864 evanuit,

303 3883 364 3955 sed,
389 3887 422 3940 nt
445 3902 462 3940 e
485 3883 655 3958 fragmentis
683 3888 712 3940 et
736 3882 925 3940 vetustiorum
948 3882 1027 3939 illins
1057 3887 1152 3939 sectae
1180 3881 1421 3956 philosophorum
1444 3885 1478 3938 et

304 3972 483 4030 Athenodori
518 3972 671 4030 Tarsensis
705 3970 861 4044 concludo,
902 3989 996 4048 usque
1030 3970 1064 4028 ad
1107 3971 1313 4045 imperatorum
1348 3972 1478 4027 aeuum

303 4061 487 4136 permanavit
510 4066 540 4119 et
562 4063 597 4118 ab
621 4061 693 4136 ipsis
717 4061 815 4118 stoicis
839 4060 965 4119 Senecae
989 4060 1113 4143 traditus
1136 4066 1190 4118 est.

397 4217 416 4285 ¹)
437 4217 485 4273 Sic
501 4219 579 4272 enim
600 4218 679 4271 bunc
698 4217 797 4270 locum
816 4221 897 4270 recte
917 4217 989 4270 mihi
1008 4217 1183 4271 emendasse
1197 4216 1316 4270 videtur
1336 4213 1447 4270 Haase.

787 4363 999 4372 »...-...·--a—-n—-u
