3216 5218
622 412 844 470 -13...

251 607 267 664 7
292 631 343 656 -=
378 606 414 663 de
438 605 508 664 exii,
533 607 606 682 558,
633 606 672 665 10
697 603 848 685 Σπάρταν
872 603 987 685 ἔλαχες,
1010 603 1123 665 ταύταν
1146 604 1257 686 κόσμει
1280 608 1316 666 cf.

248 694 353 753 Nauck
375 695 479 770 fragm.
504 701 577 770 trag.
600 693 727 753 (λιιιαο.2
749 713 815 770 pag.
840 696 913 753 588.
952 694 1072 754 Dictum
1096 695 1214 771 saepius
1237 697 1316 772 apud

250 783 527 860 paroemiographos
550 784 687 858 occurrit,
718 784 755 842 ct.
779 783 913 860 inprimis
936 783 1058 860 Diogen.
1088 783 1161 843 VIII
1187 787 1226 844 10
1251 805 1317 845 cum

250 873 316 932 sdn.
349 875 396 926 τέ
421 892 548 949 paroem.
577 874 593 931 I
621 874 693 933 307.
727 873 806 933 Stob.
835 873 898 931 flor.
927 872 1060 932 XXXIX
1090 874 1107 932 9
1136 874 1245 934 Hense.
1277 909 1315 918 —

250 964 313 1021 236
338 964 353 1020 1
380 962 507 1022 Socratis
527 963 676 1021 invenitur
696 962 901 1038 apopthegma‚
925 961 1103 1022 ἀποκτεῖναι
1123 961 1181 1041 μὲν
1189 961 1317 1031 Ἄνυτος

248 1049 301 1111 καὶ
323 1047 469 1130 Μέλητος
493 1049 646 1120 δύνανται,
674 1049 794 1130 βλάψαι
819 1050 892 1111 δὀὐ
916 1049 1070 1121 δύνανται,
1094 1053 1174 1128 quod
1196 1053 1226 1111 in
1249 1072 1316 1129 pro-

249 1141 340 1198 verbii
372 1141 468 1200 locum
501 1141 599 1200 cessit.
637 1141 803 1217 Usurpatur
833 1141 922 1199 etiam
949 1141 985 1199 ab
1012 1140 1107 1216 Xpict.
1134 1142 1201 1201 diss.
1225 1143 1240 1201 I
1265 1145 1315 1218 29,

252 1232 309 1304 183
334 1229 364 1287 II
389 1231 417 1303 2,
443 1232 497 1303 153
526 1230 571 1289 III
596 1231 646 1303 23,
676 1231 726 1288 21.
759 1231 795 1289 ci.
819 1230 950 1305 Apostol.
974 1229 1032 1288 VII
1058 1231 1095 1289 11
1123 1257 1164 1282 =
1189 1250 1315 1307 paroem.

249 1319 279 1376 II
295 1320 368 1377 397.
381 1353 422 1360 -
437 1320 645 1395 Apopthegma
661 1320 797 1396 denique,
814 1319 892 1395 quod
907 1319 1017 1394 legitur
1032 1320 1105 1394 211,
1124 1321 1162 1378 12
1179 1319 1315 1401 τῶνγὰρ

248 1405 385 1487 καλῶνὴ
398 1406 584 1488 παράλειψις
596 1406 658 1469 κτλ.
672 1409 779 1468 citatur
790 1411 826 1467 ab
839 1408 969 1485 Apostol.
981 1408 1071 1466 XVII
1083 1410 1124 1470 40
1138 1436 1179 1460 =
1190 1428 1315 1486 paroem.

142 1587 178 1644 cf.
202 1591 351 1662 praeterea
374 1587 452 1646 Plut.
475 1587 512 1646 de
535 1587 643 1662 garrul.
674 1613 716 1636 =
746 1593 815 1645 tom.
849 1587 894 1644 III
918 1588 991 1660 300,
1018 1588 1054 1645 11
1081 1585 1116 1648 τὸ
1140 1585 1200 1667 γὰρ
1224 1588 1257 1648 ἒν
1279 1595 1316 1669 τῇ

249 1673 364 1755 καρδίᾳ
391 1680 446 1736 τοῦ
477 1675 632 1756 νήφοντος
655 1675 704 1736 ἐπὶ
726 1681 780 1756 τῆς
808 1674 943 1755 γλώττης
971 1674 1031 1736 ἐστὶ
1053 1681 1108 1737 τοῦ
1131 1676 1315 1757 μεθύοντος,

249 1763 295 1832 ὡς
310 1763 340 1825 οἱ
353 1763 637 1846 παροιμιαζόμενοί
649 1786 752 1845 φασιν.
776 1767 812 1825 ci.
828 1766 948 1842 Diogen.
974 1766 1045 1824 VIII
1061 1769 1102 1826 43
1126 1793 1167 1818 -τ-
1188 1786 1314 1843 parocm.

249 1855 263 1912 I
288 1856 350 1914 313
376 1861 407 1914 et
429 1855 492 1913 adn.
516 1855 553 1913 ad
577 1855 698 1930 Diogen.
723 1855 781 1914 VII
806 1857 856 1928 25,
880 1874 944 1931 pag.
970 1856 1042 1915 290.

143 1944 211 2002 Hor.
234 1949 287 2003 sat.
307 1944 321 2003 I
342 1947 370 2019 1,
391 1945 430 2004 62
452 1945 524 2020 quia
542 1945 617 2002 tanti
635 1950 781 2020 quonium
795 1945 899 2003 habeas
917 1947 961 2003 sia
980 1972 1021 1996 =
1037 1943 1104 2004 Otto
1124 1947 1266 2020 „habere“
1288 1949 1315 2005 1.

252 2035 312 2092 105
358 2035 413 2092 usi
451 2035 528 2092 inter
572 2035 686 2092 Τοιιαλιι
729 2035 870 2110 quiddam
906 2053 1093 2111 socerumque
1138 2036 1237 2094 Visera·
1274 2062 1315 2086 =

249 2121 318 2182 Otto
342 2122 491 2198 „Tanais.“

252 2214 313 2272 100
338 2213 393 2270 Est
417 2213 523 2271 modus
544 2213 579 2271 ι’νι
601 2213 686 2270 rebus
710 2218 764 2271 etc.
789 2239 830 2264 =
855 2211 888 2272 Ο.
913 2214 1063 2287 „modus.“

143 2301 179 2360 cf.
196 2306 249 2360 sat.
262 2301 291 2360 II
307 2303 335 2376 2,
348 2304 388 2361 04
402 2303 465 2361 Hoc
480 2308 584 2377 κνριιοι
601 2303 698 2377 lupata,
714 2302 767 2360 hoc
777 2303 958 2361 coniectast
976 2329 1017 2353 =
1033 2302 1197 2380 O.„lupus“
1208 2304 1316 2380 83alia.

714 2455 755 2527 4.

233 2569 370 2628 Ceterum
395 2570 572 2628 sententiose
596 2571 673 2629 dicta
697 2570 813 2628 omnino
836 2572 939 2629 crebra
962 2576 1045 2630 sunt:

143 2657 204 2716 Tel.
230 2659 280 2732 22,
306 2661 323 2716 2
348 2658 367 2738 ἡ
391 2657 461 2739 περὶ
483 2664 584 2739 ταφῆς
608 2657 727 2737 ἀγωνία
750 2657 813 2719 κτλ.
839 2661 889 2733 27,
916 2661 954 2717 12
980 2659 1102 2739 ἔφασαν
1126 2659 1185 2741 γάρ
1209 2659 1271 2722 κτλ.

147 2747 220 2805 Plut.
244 2748 281 2806 de
305 2766 370 2824 cup.
394 2749 474 2806 divit.
500 2751 573 2823 350,
600 2750 639 2807 10
663 2751 727 2808 τῶν
751 2746 968 2828 γ’ἀρκούντων
984 2747 1045 2809 κτλ.
1071 2752 1144 2824 350,
1171 2752 1210 2810 25
1236 2748 1316 2811 ciiii

250 2835 435 2916 φιλάργυροι
459 2835 520 2897 κτλ.

250 2927 287 2984 de
299 2931 412 3002 tranqu.
426 2928 498 3001 215,
512 2928 529 2984 2
543 2926 638 2996 ἔξεστι
651 2925 709 3008 γάρ
722 2924 783 2986 κτλ.
803 2927 875 3000 219,
890 2928 928 2985 21
945 2925 998 2987 καὶ
1014 2927 1073 3008 γάρ
1090 2927 1121 2988 οἷ
1133 2926 1244 2988 πολλοί
1254 2926 1315 2989 κτλ.

250 3015 287 3073 tle
311 3016 379 3074 exii.
405 3018 477 3090 552,
501 3018 520 3075 4
544 3013 579 3076 τὸ
603 3012 663 3096 γάρ
687 3013 763 3075 αὐτὸ
786 3019 917 3095 πρᾶγμα
941 3014 1003 3076 κτλ.

250 3105 287 3162 de
312 3105 376 3163 vIrt.
400 3111 429 3164 et
452 3106 504 3164 vit.
530 3106 602 3178 245,
628 3108 644 3163 7
670 3104 689 3184 ἡ
715 3102 749 3165 δὲ
773 3104 868 3165 κακία
892 3103 953 3165 κτλ.

250 3194 287 3252 de
315 3194 417 3252 curios.
446 3196 519 3267 339,
551 3195 589 3252 12
614 3191 649 3253 τὰ
674 3191 734 3272 γάρ
757 3192 865 3274 ἥδιστα
889 3192 950 3254 κτλ.
984 3196 1056 3265 342,
1082 3197 1099 3254 9
1129 3195 1189 3255 ἔστι
1212 3194 1314 3275 γὰρὴ

249 3281 383 3363 πολυπρ.
401 3281 463 3343 κτλ.
494 3284 566 3356 342,
590 3286 627 3341 11
652 3281 754 3350 οὐδεὶς
775 3280 934 3361 δ’ἀγαιλάν
951 3281 1012 3342 κτλ.
1042 3285 1115 3355 342,
1134 3287 1172 3343 15
1191 3283 1316 3363 φθόνος

248 3370 308 3450 μὲν
325 3372 384 3452 γάρ
402 3371 461 3432 ἐστι
480 3371 561 3451 λύπη
580 3371 642 3432 κτλ.
665 3374 738 3456 344,
758 3373 798 3430 24
819 3369 863 3452 Τῇ
878 3370 937 3451 μὲν
954 3369 1011 3432 οὖν
1027 3371 1235 3452 πολυμαθείᾳ.
1253 3372 1315 3434 κτλ.

145 3461 257 3520 Muson.
275 3463 347 3536 750,
364 3463 381 3519 2
399 3461 434 3520 H.
450 3459 543 3521 ὁπότε
558 3483 591 3540 γε
604 3460 682 3541 μήτε
690 3460 866 3541 μαθήσεως
880 3461 941 3522 κτλ.
964 3464 1035 3536 754,
1048 3465 1065 3521 0
1078 3462 1116 3523 οὗ
1127 3460 1186 3543 γὰρ
1198 3461 1246 3523 ἀεί
1253 3461 1315 3524 κτλ.

713 3615 750 3686 5.

234 3729 369 3788 Vidimus
398 3747 487 3806 supra
513 3747 566 3806 pro
598 3729 750 3788 urbaniore
778 3729 876 3806 aliquo
904 3729 1044 3787 vocabulo
1072 3729 1193 3805 vulgare
1228 3748 1315 3805 saepe

143 3818 265 3876 consilio
291 3819 423 3894 posuisse
446 3819 635 3877 diatribarum
658 3824 800 3877 auctores.
847 3818 935 3876 Aliud
964 3819 1002 3876 ad
1031 3820 1107 3877 hanc
1134 3837 1197 3877 rem
1226 3816 1315 3895 perti-

143 3925 216 3966 nens
239 3907 326 3966 IIceat
350 3909 487 3985 proferre.
526 3907 642 3966 Etenim
665 3898 722 3966 non
745 3907 830 3966 modo
854 3908 1063 3967 vocabulorum
1086 3908 1240 3982 vilitatem,
1263 3909 1315 3966 sed

143 3997 232 4055 totius
256 3997 392 4055 dictionis
421 3997 585 4074 squalorem
613 3996 733 4054 minime
761 4015 970 4072 nonnunquam
997 3997 1041 4054 illi
1068 3997 1215 4074 aspernati
1239 4003 1315 4056 sunt.

144 4085 289 4162 Exempla
313 4093 397 4145 sunt:
784 4111 786 4114 ·

143 4174 204 4234 Tel.
229 4177 279 4248 23,
304 4176 321 4233 2
347 4176 366 4256 ἢ
389 4175 418 4235 τί
439 4173 578 4255 διαφέρει
602 4223 609 4234 .
633 4223 639 4234 .
665 4223 670 4235 .
694 4172 757 4235 ὑπὸ
780 4171 877 4242 κυνὸς
892 4173 1140 4256 καταβρωθῆναι
1163 4176 1182 4255 ἢ
1207 4173 1314 4235 ἐπάνω

249 4269 304 4345 τῆς
327 4270 383 4346 γῆς
399 4264 472 4325 ὄντα
493 4263 556 4324 ὑπὸ
577 4264 730 4345 κοράκων
753 4265 772 4344 ἢ
793 4263 1027 4344 κατορυχθέντα
1044 4262 1107 4324 ὑπὸ
1127 4262 1316 4345 σκωλήκων.
