3216 5218
602 450 820 510 ..59-

131 649 212 720 turpe-
235 644 311 703 dioto
328 663 389 721 eqs.
414 649 429 718 ξ
449 647 467 704 5
493 646 587 704 Habes
607 646 736 704 scholam
751 646 872 704 εἰσίωσι
897 643 914 705 ό
936 641 1037 724 σοφὸς
1058 641 1302 724 εὐθυρρημονή-

130 755 183 793 σει.
207 735 243 792 of.
271 734 307 792 de
336 736 385 793 on.
408 736 423 793 I
450 737 520 794 128.
567 736 658 794 Cuius
690 738 730 794 rei
763 736 902 794 idoneum
935 735 1104 810 exemplum
1132 753 1149 792 e
1178 733 1303 792 Zenonis

131 821 301 902 διατριβαῖς
322 825 407 882 affert
423 823 504 883 Sext.
521 825 631 901 Empir.
652 825 795 898 Pyrrhon.
813 825 913 899 hypot.
930 819 976 882 HI
1001 825 1175 882 245-246
1194 824 1241 898 (of.
1259 823 1304 880 ΙΙΙ

132 913 205 983 2οῦ,
228 912 293 970 adv.
318 913 414 988 dogm.
439 913 464 969 V
483 915 569 988 root:
594 912 661 974 οἷον
676 918 752 991 γοῦν
853 911 968 992 Ζήνων
992 912 1025 973 έν
1047 916 1112 979 ταῖς
1136 910 1233 991 διατρι
1256 915 1304 978 αῖς

130 999 208 1080 φησί
231 1047 237 1060 .
263 1047 269 1060 .
294 1049 299 1060 .
323 1000 415 1062 τόδε·
443 1000 653 1082 ειδιαμηρίζειν
681 1000 782 1082 μηδὲν
804 1000 924 1082 μᾶλλον
947 999 1030 1081 μηδὲ
1054 997 1150 1080 ἧσσον
1173 999 1303 1060 παιδικὰ

131 1090 151 1168 ἢ
181 1087 225 1169 μή
259 1089 398 1161 παιδικά,
432 1090 515 1171 μηδὲ
543 1091 643 1171 θήλεα
668 1093 687 1172 ἢ
721 1091 856 1169 ἀρρενα·
893 1090 930 1151 οὐ
955 1089 1014 1169 γὰρ
1049 1087 1205 1157 παιδικοῖς
1227 1087 1304 1150 ἀλλα

131 1179 151 1258 ἢ
185 1177 231 1258 μὴ
255 1178 419 1251 παιδικοῖς,
455 1179 529 1242 οὐδὲ
552 1179 690 1260 θηλείαις
726 1182 745 1260 ή
781 1180 919 1259 ἀῤῥεσιν,
960 1178 1036 1240 ἀλλὰ
1070 1178 1165 1239 ταύτὰ
1195 1178 1305 1257 πρέπει

130 1289 162 1328 τε
190 1267 243 1328 καὶ
270 1268 428 1347 πρέποντά
453 1269 560 1331 ἕστινῗ’
594 1269 665 1350 περὶ
698 1268 732 1332 δὲ
759 1275 813 1349 τῆς
845 1269 886 1336 εἰς
918 1267 990 1336 τοὺς
1020 1273 1119 1347 γονεῖς
1147 1267 1306 1347 ὁσιότητος

132 1355 150 1416 δ
174 1355 267 1425 αὐτὸς
291 1357 370 1437 ἀνήρ
395 1381 490 1439 φησιν
513 1359 555 1426 εἰς
577 1357 613 1419 τὰ
634 1358 704 1438 περὶ
731 1357 786 1438 τήν
805 1357 965 1438 Ἰοκάστην
988 1357 1041 1418 καὶ
1060 1355 1114 1418 τδν
1141 1354 1305 1426 Οἰδίποδα,

132 1443 177 1505 ότι
210 1445 269 1506 οὐκ
302 1444 340 1526 ήν
375 1446 476 1508 δεινὸν
507 1448 620 1528 τρίβειν
652 1447 707 1527 τήν
734 1448 863 1528 μητέρα.
896 1448 996 1523 Pergit
1028 1448 1134 1505 deinde
1162 1447 1240 1505 Zeno
1272 1465 1305 1505 ea

131 1535 283 1594 rationein
297 1537 480 1608 dioninsio
495 1538 632 1610 vidimus,
642 1538 827 1607 creberrima,
837 1543 871 1595 ut
882 1538 977 1613 posito
987 1537 1124 1612 exemplo
1137 1535 1307 1602 ἀντιθέτως

132 1632 298 1700 opponatur
322 1626 524 1701 interrogatio:
549 1625 602 1687 καὶ
626 1626 655 1686 εἰ
673 1625 732 1705 μὲν
756 1625 953 1687 ἀσθενοῦσαν
969 1624 1074 1705 ἕτερόν
1089 1648 1115 1685 τι
1129 1625 1228 1705 μέρος
1250 1629 1305 1684 τοῦ

132 1712 279 1791 σώματος
306 1714 418 1793 τρίψας
444 1720 509 1783 ταῖς
536 1713 640 1795 χερσὶν
671 1714 794 1795 ὠφέλει,
823 1713 916 1776 οὐδὲν
944 1713 1081 1794 αἰσχρόν,
1111 1714 1139 1775 εἰ
1160 1713 1194 1774 δὲ
1218 1713 1305 1793 ἕτερα

131 1801 213 1881 μέρη
241 1803 354 1882 τρίψας
381 1803 556 1883 εὔφραινεν,
585 1803 791 1884 ὀδυνωμένην
818 1804 941 1871 παύσας
969 1803 1022 1865 καὶ
1048 1802 1162 1870 παῖδας
1190 1802 1225 1863 ἐκ
1253 1808 1307 1882 τῆς

131 1889 251 1970 μητρὸς
267 1892 425 1970 γενναίους
437 1893 588 1973 ἐποίησεν,
605 1893 749 1973 αἰσχρόν·
779 1931 782 1934 -
825 1895 869 1952 De
879 1895 1043 1970 Chrysippo
1059 1895 1095 1952 oi.
1112 1893 1195 1967 Diog.
1210 1894 1305 1951 Laert.

133 1980 190 2038 VII
206 1982 265 2040 187
290 1979 361 2041 Εἰσὶ
380 1981 414 2042 δὲ
430 1983 463 2043 οἳ
475 1983 697 2062 κατατρέχουσι
712 1988 767 2044 τοῦ
777 1981 968 2061 Χρυσίππου
990 1982 1037 2049 ὡς
1051 1979 1151 2042 πολλὰ
1168 1981 1307 2060 αἰσχρῶς

132 2067 186 2128 καὶ
231 2068 377 2149 ἀρῥήτως
419 2070 673 2151 ἀναγεγραφότος
704 2071 765 2132 κτλ.
817 2072 910 2144 Quam
950 2092 1012 2130 rem
1050 2073 1114 2147 ipse
1154 2071 1308 2129 confirmat

133 2158 319 2235 Chrysippus
343 2161 422 2236 apud
447 2161 523 2219 Plut.
548 2162 584 2219 de
609 2162 689 2220 stoio.
707 2180 766 2236 rep.
784 2181 846 2236 ουρ.
864 2163 903 2219 22
930 2181 994 2237 pag.
1020 2161 1127 2232 246,2
1153 2161 1200 2218 ubi
1218 2160 1307 2218 etiem

132 2247 300 2306 arrimalium
332 2251 513 2308 consuetudo
541 2251 763 2309 oonmendatur:
798 2249 851 2310 καὶ
878 2248 912 2310 τδ
936 2248 1088 2330 μητράσιν
1115 2249 1134 2328 ή
1159 2247 1308 2327 ἀδελφαῖς

64 2399 66 2404 ,
132 2337 151 2415 ἢ
168 2334 360 2416 θυγατράσιν
372 2338 575 2417 συγγενέσθαι
586 2385 591 2397 .
603 2386 608 2397 .
620 2386 626 2398 .
639 2337 763 2417 ἀλόγως
776 2337 1052 2419 διαβέβληται·καί
1065 2336 1146 2416 πρὸς
1160 2335 1196 2397 τὰ
1209 2337 1307 2416 θηρία

135 2461 173 2468 -
190 2426 270 2504 φησί
281 2424 493 2506 (Χρύσιππος)
510 2464 540 2470 ---
564 2426 627 2488 δεῖν
641 2427 829 2507 ἀποβλέπειν
845 2427 971 2494 καὶτοῖς
986 2427 1040 2488 ὑπ’
1060 2426 1189 2488 ἐκείνων
1205 2448 1306 2505 γιγνο-

131 2513 238 2593 μένοις
267 2516 489 2595 τεκμαίρεσθαι
516 2515 550 2577 τδ
580 2516 682 2597 μηδὲν
710 2517 827 2578 ἀτοπον
856 2565 861 2576 .
886 2564 892 2575 .
916 2564 921 2575 .
954 2515 1030 2577 εἰναι
1057 2520 1120 2576 τῶν
1148 2515 1306 2575 τοιούτων.

133 2604 168 2661 Ια
183 2603 316 2662 eiusdem
333 2605 399 2663 libri
416 2625 479 2681 ουρ.
497 2607 534 2663 21
555 2607 781 2664 obscoenissimo
799 2607 985 2682 Chrysippus
1002 2611 1098 2664 narrat
1114 2605 1150 2664 de
1166 2605 1305 2680 Diogene.

133 2693 169 2751 of.
194 2693 275 2752 Sext.
299 2694 440 2767 Pyrrhon.
466 2696 567 2770 hypot.
593 2695 717 2754 111247
745 2714 787 2771 sq.
811 2696 879 2754 ibid.
904 2695 949 2753 ΙΙΙ
975 2697 1049 2756 206.
1074 2694 1155 2752 Diels
1179 2695 1306 2769 Doxogr.

133 2800 199 2857 pag.
225 2784 298 2856 593,
326 2786 351 2841 1.
376 2785 487 2842 stoicus
510 2785 586 2860 apud
612 2784 694 2842 Alex.
719 2785 876 2860 Aphrodis,
902 2785 998 2860 Topio.
1026 2786 1085 2843 107
1109 2802 1146 2841 m.

223 2873 253 2946 6)
269 2873 463 2948 Hyperbolioa
479 2880 525 2932 est
540 2875 629 2932 dictio
642 2874 720 2949 apud
734 2875 836 2948 Chrys.
853 2874 957 2948 fragm.
973 2875 1032 2930 141
1049 2872 1161 2932 Gerohe
1172 2898 1213 2922 =
1226 2872 1305 2931 Sext.

133 2959 243 3036 Empir.
267 2961 371 3034 Pyrrh.
401 2964 470 3038 hyp.
495 2951 540 3021 111
572 2965 610 3022 18
641 2961 717 3022 ἀλλὰ
749 2961 802 3022 καὶ
829 2962 929 3022 πάντα
958 2962 993 3022 ἐκ
1025 2961 1153 3022 πάντων
1180 2959 1234 3020 καί
1262 2959 1308 3028 ὡς

133 3048 239 3128 ἔτυχεν
262 3049 300 3109 ἂν
324 3047 363 3130 ήν
385 3049 431 3130 μή
456 3051 553 3131 οὔσης
576 3051 680 3119 αἰτίας,
705 3050 771 3112 οἷον
796 3051 883 3111 ἵπποι
905 3049 964 3130 μὲν
988 3050 1023 3111 ἐκ
1039 3054 1142 3128 μυῶν,
1166 3048 1306 3129 εἰτύχοι,

133 3137 387 3218 γεννηθήσονται,
412 3139 574 3220 ἐλέφαντες
599 3139 632 3201 δέ
656 3140 691 3200 ἐκ
714 3141 905 3219 μυρμήκων.

224 3228 253 3303 7)
275 3228 468 3287 Correotionis
489 3230 584 3305 figura
600 3249 674 3306 quae
689 3237 773 3288 autea
787 3231 863 3288 dixit
879 3229 1012 3288 extendit
1027 3228 1210 3305 Chrysippus
1227 3228 1304 3303 apud

134 3314 233 3374 Galen.
257 3317 276 3376 1.
300 3337 323 3376 ο.
347 3337 414 3393 pag.
439 3321 511 3392 385,
537 3321 553 3377 2
581 3319 617 3377 Μ.
642 3317 695 3378 καὶ
719 3319 760 3379 ἔτι
778 3323 833 3379 τοῦ
849 3322 1076 3397 παραινοῦντος
1091 3315 1187 3396 λόγου
1204 3316 1308 3384 αὐτοῖς

133 3404 360 3485 ὑπερβατικοδς
383 3407 483 3477 ὄντας,
507 3405 626 3486 μᾶλλον
651 3406 685 3468 δὲ
708 3405 783 3468 οὐδὲ
808 3405 891 3474 ὅλως
907 3404 1159 3486 ὑπομονητικοὺς
1174 3405 1310 3467 ἀκοῦσαί

132 3516 213 3561 τινος
235 3495 386 3556 τοιοότου.
410 3498 447 3555 of.
471 3499 573 3572 fragm.
600 3499 671 3569 130,
697 3500 713 3555 7
739 3496 853 3555 Cereke
871 3497 1011 3570 :Alex
1036 3497 1072 3554 de
1095 3497 1154 3554 fato
1175 3514 1237 3570 ουρ.
1256 3497 1307 3554 28.

133 3584 207 3642 Item
231 3585 268 3643 de
291 3585 407 3644 Zenone
430 3588 465 3644 oi.
499 3586 580 3644 Diels
605 3586 732 3660 Doxogr.
757 3605 822 3661 pag.
846 3588 919 3658 592,
945 3587 982 3642 21
1010 3582 1126 3664 Ζήνων
1149 3583 1167 3645 ό
1187 3582 1307 3651 Κιτιεὺς

133 3671 152 3732 ὁ
183 3670 328 3741 Στωικὸς
360 3675 421 3754 ἔφη
454 3673 498 3754 μὴ
535 3673 597 3735 δεῖν
633 3673 720 3741 θεοῖς
752 3673 932 3753 οἰκοδομεῖν
960 3673 1036 3752 ἱερά,
1066 3673 1133 3734 ἀλλ’
1165 3674 1245 3753 ἔχειν
1272 3671 1306 3733 τὸ

133 3761 221 3822 θεῖον
245 3761 278 3822 ἒν
300 3763 392 3843 μόνῳ
415 3771 460 3844 τῷ
483 3771 538 3843 roi,
562 3762 681 3842 μᾶλλον
706 3761 740 3824 δὲ
764 3761 842 3823 θεὸν
865 3761 1007 3842 ήγεῖσθαι
1030 3761 1084 3823 τὸν
1106 3767 1190 3822 νοῦν.

223 3853 254 3927 8)
278 3853 513 3928 Comparationes
535 3852 803 3928 similitudinesque
819 3853 953 3927 inprimis
977 3853 1065 3926 vulgo
1088 3859 1225 3927 acceptae
1250 3871 1307 3909 non

133 3959 215 3998 hirae
248 3941 385 4000 videntur
415 3945 504 4001 fuisse
534 3943 611 4019 apud
644 3942 759 4000 stoicos.
792 3943 827 4000 of.
857 3942 915 4000 Cio.
948 3942 985 4000 de
1013 3947 1070 4000 nat.
1099 3942 1177 3999 deor.
1206 3941 1236 3998 ΙΙ
1266 3942 1305 3998 22

133 4029 267 4105 Idemque
291 4027 404 4108 (Zeno)
428 4033 632 4104 similitudine,
656 4037 690 4089 ot
712 4050 794 4106 ευεμο
817 4031 896 4100 solet,
927 4031 1070 4088 ναίἰονιωνι
1093 4031 1234 4088 coriolos-it
1256 4029 1308 4087 hoo

133 4119 218 4176 υιοδο
246 4140 256 4176 .·
284 4120 313 4176 si
354 4139 388 4177 επ
426 4121 501 4178 οἰιίἀ
539 4121 684 4178 modulato
721 4125 855 4177 οοιιενιίσε
897 4120 983 4177 tibiae
1020 4125 1207 4176 noscerentur
1244 4135 1306 4194 eqo.

134 4207 212 4266 Stob.
252 4209 315 4266 flor.
356 4209 501 4267 LXXXII
541 4213 569 4268 5.
626 4207 742 4289 Ζήνων
775 4207 830 4275 τὰς
869 4212 932 4268 τῶν
968 4206 1170 4268 διαλεκτικῶν
1199 4207 1308 4286 τέχνας

134 4296 236 4367 εἴκαζε
282 4301 344 4364 τοῖς
389 4298 516 4365 εἰκαίοις
557 4298 682 4377 μέτροις
724 4297 762 4358 οὐ
804 4296 906 4376 πυρδν
950 4296 1021 4358 οὐδ’
1063 4295 1138 4357 ἀλλο
1180 4318 1206 4356 τι
1243 4299 1308 4356 τῶν
