3216 5218
627 443 825 502 ..9-

128 636 240 713 primis
269 636 460 711 deminutira,
491 637 597 714 quibus
628 637 716 696 etiam
743 637 910 697 comoediae
936 642 1113 716 satin-aeque
1142 639 1310 697 abundant:

138 731 172 785 ut
201 725 271 785 talia
300 726 432 786 omittam
463 726 560 803 qualia
587 731 657 785 sunt
686 720 803 813 δηρίον
830 726 909 803 apud
932 727 994 787 rei.
1020 730 1048 802 6,
1075 730 1090 786 1
1117 728 1179 786 sive
1202 719 1312 808 μαινίς

138 815 207 874 ibid.
231 816 283 890 30,
309 816 348 875 16
373 814 424 891 (ita
447 833 484 874 ex
507 815 649 892 conieci),
673 817 745 875 haee
768 816 853 874 vide:

139 904 200 964 Tel.
227 906 276 980 11,
304 907 319 963 1
346 899 510 986 σωμάτιον
532 906 569 964 ci.
593 905 688 981 Epist.
713 905 782 964 diss.
805 905 849 964 IV
871 908 898 977 7,
922 907 973 965 35.
1009 907 1058 980 16,
1078 907 1117 965 10
1134 899 1310 987 μειράκιον.

248 995 297 1067 19,
322 995 359 1070 6;
383 995 434 1068 38,
454 995 471 1053 9
490 988 628 1056 παιδίον
643 994 680 1054 af.
697 993 774 1053 Plut.
790 996 827 1053 de
844 995 913 1054 exil.
929 1014 995 1071 pag.
1013 996 1087 1071 554,
1104 997 1122 1055 5
1142 995 1279 1054 Bernard.
1290 993 1311 1065 1)

138 1083 233 1160 Epiet.
249 1082 280 1141 Π
298 1085 347 1156 16,
369 1084 428 1159 25,
458 1085 510 1142 33.
533 1083 577 1141 IV
597 1086 624 1157 7,
643 1085 702 1159 233
726 1085 777 1143 32.
805 1086 854 1158 19,
872 1086 890 1144 6
908 1076 1051 1147 άκάτιον.
1078 1086 1128 1158 25,
1145 1085 1164 1143 4
1181 1078 1313 1168 γρᾴδιον

246 1173 282 1231 ο1.
299 1173 328 1245 4,
352 1172 400 1231 12.
430 1173 482 1246 47,
504 1174 651 1247 15.-27,
675 1167 846 1256 9κρανίον.
876 1175 926 1248 28,
947 1177 963 1233 7
983 1168 1178 1259 φασκιάλιον.
1203 1174 1311 1247 30,10

246 1255 405 1340 λαχάνιον.
437 1262 488 1336 31,
514 1263 529 1321 1
557 1256 695 1325 ἐλάδιον.

140 1350 218 1409 Plut.
242 1350 279 1409 de
303 1369 369 1427 sup.
394 1350 476 1410 divit.
516 1353 590 1425 358,
615 1353 634 1410 4
659 1345 826 1415 κλινίδιον.
862 1353 897 1410 ef.
921 1353 958 1411 de
981 1357 1094 1429 tranqn.
1121 1353 1193 1426 212,
1219 1353 1313 1411 19.-

247 1441 320 1514 365,
345 1441 386 1502 25
410 1433 577 1523 κληματίς.

174 1565 176 1572 ·
246 1529 282 1588 de
311 1535 425 1606 tranqu.
455 1531 527 1604 216,
558 1531 578 1588 4
610 1524 747 1608 γύναιον.
791 1531 863 1603 220,
894 1533 911 1590 6
943 1524 1136 1612 παιδάριον,
1170 1531 1242 1603 227,
1271 1531 1310 1588 21

246 1611 398 1681 κυνίδιον.
440 1620 513 1693 230,
544 1621 562 1677 2
589 1613 711 1701 μόριον.
756 1620 793 1679 ei.
823 1620 918 1696 Epist.
948 1619 991 1678 IV
1024 1622 1051 1694 7,
1090 1620 1261 1692 38.-—231,
1293 1621 1312 1678 8

247 1701 410 1771 πινάκιον.

246 1796 282 1856 de
303 1796 370 1856 exil.
391 1798 463 1872 551,
494 1799 532 1857 18
555 1792 825 1880 ἐπιγραμμάτιον.
855 1800 928 1872 561,
956 1791 1172 1880 16χιορίδιον.
1203 1799 1311 1871 505,7

247 1876 407 1967 ἀγκύριον.

248 1976 284 2034 de
308 1975 374 2034 virt.
398 1981 427 2034 et
451 1976 502 2035 vit.
527 1977 600 2050 245,
625 1978 644 2035 3
669 1971 792 2060 ῥάκιον.

247 2064 284 2123 de
300 2065 406 2123 curios.
424 2067 497 2138 338,
515 2066 555 2123 24
572 2060 744 2146 δωμάτιον.
770 2067 844 2139 346,
862 2068 880 2125 3
895 2059 1093 2128 ἐπιστόλιον.
1118 2066 1154 2124 ci.
1172 2067 1246 2138 353,
1264 2066 1314 2123 22.

249 2155 322 2228 349,
348 2155 366 2213 9
391 2149 568 2236 σκευάριον.
602 2157 675 2228 349,
702 2155 741 2214 10
766 2149 1027 2236 θεραπαινίδιον.

143 2241 236 2319 Epist.
260 2243 330 2302 diss.
354 2243 383 2301 H
409 2244 458 2318 16,
485 2245 523 2303 13
549 2238 764 2328 φοβημάτιον.
790 2245 830 2303 20
855 2237 1062 2328 ζητημάτων.
1088 2245 1128 2302 23
1154 2237 1313 2324 λιδάριον.

249 2333 290 2437 25
303 2326 531 2395 πλακούντιον.
550 2334 590 2392 29
609 2327 773 2415 κοράσιον,
787 2327 1004 2414 γιγινοσίδιον,
1020 2327 1182 2410 στωίδιον,
1196 2351 1315 2394 νεανισ-

247 2443 369 2504 καριον.

248 2509 293 2568 1Π
318 2512 368 2583 26,
401 2512 439 2569 12
466 2505 645 2592 δονλάριον.
680 2512 719 2570 15
744 2505 871 2590 τειχίον.
907 2513 947 2571 36
974 2504 1146 2592 ἱματίδιον,
1171 2501 1314 2592 άργοριο-

247 2591 408 2680 ματίδιον.

248 2688 344 2762 1117,
370 2691 388 2748 5
414 2679 594 2770 ὀστράκιον.
628 2690 665 2748 cf.
690 2691 741 2748 22.
777 2691 816 2748 18
841 2683 1036 2773 κλησείδιον.

143 2778 212 2836 Hor.
228 2782 280 2836 sat.
296 2778 312 2837 Ι
330 2779 356 2852 1,
386 2780 427 2837 25
444 2779 617 2837 martulam.
642 2779 682 2838 47
699 2779 863 2837 reticulum.
889 2782 929 2838 56
946 2779 1116 2855 fonticulus
1143 2779 1183 2837 90
1200 2777 1315 2836 asellus.
1390 2829 1393 2836 .

250 2868 290 2926 ιν
315 2867 422 2926 aaran
464 2868 526 2926 110
550 2868 664 2943 ομνια.

231 2955 350 3015 Praeter
371 2955 542 3015 huiusmodi
565 2957 704 3016 vocabula
726 2958 786 3016 hue
808 2956 958 3033 pertinent
982 2957 1060 3031 talia,
1084 2973 1159 3033 quae
1182 2956 1316 3032 quamvis

142 3063 200 3103 non
215 3045 308 3104 forma
324 3045 457 3120 vulgaria
474 3046 541 3120 sint,
563 3051 661 3105 tamen
681 3047 717 3105 ob
737 3046 832 3122 ipsam
852 3046 1096 3121 significationem
1111 3045 1148 3104 ad
1164 3043 1315 3118 vulgarem

142 3133 279 3193 dictionis
302 3133 429 3193 colorem
454 3134 641 3194 efficiendum
665 3135 799 3194 nonnihil
822 3134 927 3194 valent.
973 3134 1039 3193 Non
1055 3133 1317 3211 praetermittenda

141 3223 233 3298 igitur
260 3229 330 3282 sunt
358 3224 439 3298 haee,
479 3241 553 3300 quae
581 3242 628 3283 res
657 3224 825 3299 significant
850 3225 881 3283 in
904 3224 1063 3283 cottidiana
1086 3223 1146 3282 vita
1170 3223 1317 3282 solemnes

143 3317 173 3371 et
194 3312 334 3371 usitatas:

143 3401 249 3473 Tell,
267 3402 305 3459 12
324 3395 440 3486 φυστή.
474 3403 537 3475 5,2
560 3400 717 3476 πλακοῦς.
750 3404 835 3476 8,17
859 3392 1068 3483 άκροκοίλιον.
1104 3402 1131 3474 9,
1152 3396 1316 3482 Ιδίρμος.

251 3491 279 3564 9,
304 3493 322 3550 3
349 3484 450 3569 ἰσχάς.
482 3491 519 3550 ef.
544 3491 620 3550 Plut.
644 3493 681 3550 de
710 3510 778 3567 onp.
804 3491 885 3550 divit.
911 3492 984 3564 366,
1011 3493 1037 3549 1.
1080 3491 1128 3563 10,
1154 3491 1169 3548 1
1195 3485 1316 3572 κόγχος,

249 3573 380 3661 κάομος.
406 3580 457 3652 30,
478 3581 517 3638 10
539 3580 635 3661 μᾶζα.
660 3581 711 3654 30,
732 3583 771 3640 16
789 3571 981 3662 οὓτόπορος.
1005 3580 1040 3638 ei.
1055 3579 1131 3638 Plut.
1151 3579 1187 3638 de
1203 3583 1317 3656 tranqu.

251 3658 829 3750 212,14.4,126p0vcf.5,12.30,6.
852 3668 1318 3744 earm.aeoupaiviissam

250 3758 288 3816 de
315 3759 420 3817 curios.
451 3760 524 3833 345,
555 3760 603 3817 11.
646 3761 675 3832 5,
705 3761 723 3818 5
752 3756 930 3838 βαλανεῖον.
971 3759 1008 3816 ei.
1039 3759 1088 3830 17,
1118 3760 1145 3817 7.
1186 3757 1237 3830 30,
1268 3757 1317 3816 14.

251 3848 302 3922 31,
333 3849 361 3906 2.
399 3848 435 3906 ci.
464 3847 542 3906 Plut.
573 3847 608 3908 de
632 3866 697 3923 cup.
728 3847 809 3906 divit.
840 3849 915 3921 364,
945 3848 972 3906 2.
1016 3847 1053 3906 de
1084 3846 1153 3905 exil.
1185 3848 1258 3920 553,
1290 3849 1318 3905 5.

251 3935 345 4012 Epist.
368 3937 413 3995 111
438 3938 488 4010 26,
521 3938 571 3996 21.
609 3939 637 4010 8,
664 3938 703 3995 14
731 3935 967 4017 μυροπιολεῖον.
1005 3937 1033 4009 8,
1059 3937 1097 3995 16
1127 3935 1317 4017 μαγειρεῑον.

235 4161 255 4228 ¹)
275 4161 429 4215 Plutarchi
449 4162 575 4216 Moralia
594 4177 711 4232 semper
735 4163 793 4214 cito
818 4165 934 4215 textum
958 4166 1081 4216 secutus
1112 4177 1200 4232 quarn
1226 4161 1320 4215 edidit

143 4233 357 4288 Bernardakis.
394 4232 488 4287 Cuius
512 4238 591 4287 tomo
619 4233 663 4286 111
692 4235 884 4286 eontinentur
908 4233 1002 4286 libelli
1028 4233 1065 4286 de
1088 4249 1155 4302 cup.
1180 4233 1263 4286 divit.
1283 4233 1320 4286 de

144 4309 264 4376 tranqu.
285 4304 321 4357 de
341 4305 409 4358 exil.
430 4305 466 4358 de
486 4306 603 4376 curios,
623 4309 702 4358 tomo
724 4304 737 4358 Ι
757 4303 876 4358 libellus
896 4303 933 4357 de
952 4305 1019 4357 virt.
1040 4308 1070 4357 et
1088 4305 1139 4357 vit.
