3216 5218
600 440 819 497 ..61-

127 639 242 708 eumeni
341 634 404 690 nisi
426 639 458 690 ut
480 633 626 708 Voluptati
648 633 851 690 miraislrorcut
874 637 899 688 cl
915 651 980 688 οαυι
1003 636 1119 688 tanturn
1141 631 1179 688 od
1198 650 1300 689 αιινουι

127 724 314 780 οιλυιονιονειιί
339 767 402 790 ...,
426 728 458 779 ιι)
482 729 595 794 roraret,
619 742 655 779 nc
670 722 740 798 quid
753 721 857 796 faceret
880 721 1067 794 clipunum.-
1097 739 1162 791 ,νιοε
1185 721 1300 796 pridiem

135 813 260 869 Virtutes
287 813 330 869 πἰ·
356 817 440 868 ποίαν
469 831 584 881 carruae,
616 816 649 868 at
677 812 729 868 tibi
756 811 948 881 εονιινευιιιε,Ι
980 809 1063 866 αίίιαλ
1089 810 1197 883 depelli
1224 810 1302 867 nihil

127 901 285 960 hahemus‘
314 903 350 959 cf.
376 901 531 974 Augustin.
555 901 592 958 de
615 901 692 958 civit.
716 900 762 958 dei
788 899 813 955 V
839 900 893 971 2ος
918 899 1091 973 inspiciatur
1113 899 1199 956 etiam
1225 897 1299 957 Gell.

130 990 164 1047 N.
187 991 222 1047 A.
249 992 298 1061 14,
324 991 352 1061 4,
377 990 424 1046 uhi
449 990 564 1064 copiose
588 990 763 1047 describitur
787 989 914 1046 iustitiae
938 988 1032 1062 imago
1057 987 1246 1064 Chrysippea.

220 1079 272 1153 16)
297 1077 509 1136 Gravissimum
533 1080 639 1136 deinde
656 1084 710 1150 est,
735 1079 813 1154 «pred
838 1077 919 1134 stoici
936 1077 963 1133 in
981 1076 1098 1152 seriptis
1115 1077 1176 1134 suis
1191 1077 1299 1152 dialogi

130 1168 223 1225 forma
253 1168 296 1224 usi
329 1174 405 1225 sunt.
452 1167 585 1226 Citautur
615 1169 691 1225 enim
724 1187 740 1224 a
771 1167 900 1240 Diogene
924 1166 1040 1223 Laertio
1071 1163 1225 1244 διατριβαί
1254 1166 1301 1224 vel

129 1254 267 1334 (διάλογοι
291 1257 416 1314 Zenonis
440 1257 508 1329 (Vll
534 1257 595 1324 34),
624 1257 775 1314 Cleanthis
799 1255 868 1330 (Vll
895 1256 975 1328 175),
1003 1255 1121 1314 Persaei
1145 1254 1215 1330 (VII
1239 1257 1300 1329 36),

129 1346 251 1420 Sphaeri
284 1346 354 1421 (Vll
386 1348 466 1418 178),
502 1346 604 1402 Herilli
639 1346 707 1420 (Vll
742 1347 819 1421 iod).
875 1345 912 1401 ldt
941 1363 978 1402 ex
1009 1344 1133 1402 Zenonis
1168 1344 1300 1402 diatribis

129 1435 236 1510 dialogi
270 1436 342 1493 satis
377 1435 464 1492 viridi
495 1435 664 1510 exemplum
703 1435 786 1492 uehis
818 1433 945 1492 servavit
977 1432 1058 1492 Sext.
1092 1433 1200 1508 Empir.
1233 1434 1298 1491 adv.

129 1525 225 1598 dogm.
240 1524 264 1579 V
285 1526 361 1582 tati:
379 1521 608 1602 διαμεμήρικος
623 1521 676 1582 τδν
692 1522 869 1602 ἐρώμενον,
886 1521 944 1582 οὐκ
962 1521 1069 1600 ἔγωγε.
1085 1521 1218 1601 πότερον
1235 1569 1241 1581 .
1258 1567 1265 1580 .
1282 1545 1300 1594 .,·

129 1612 182 1672 καὶ
211 1611 305 1691 μάλα.
338 1610 414 1671 ἀλλὰ
445 1611 649 1692 ἐπεθύμησας
681 1659 686 1671 .
712 1661 717 1671 .
743 1634 765 1684 .,·
797 1609 842 1690 μὰ
867 1609 928 1670 Δί’.
953 1609 1017 1670 ἀλλ’
1046 1609 1224 1684 ἐκέλευσας,Ι
1248 1610 1300 1671 καὶ

128 1700 221 1779 μάλα.
246 1699 305 1761 εἶδ’
333 1748 338 1759 .
363 1748 369 1759 .
395 1724 417 1773 .;
441 1701 479 1760 ori
504 1701 571 1781 γάρ.
601 1702 792 1760 Adversarius
814 1707 913 1760 autem
937 1701 965 1758 in
985 1701 1045 1758 illis
1065 1701 1195 1759 diatribis
1212 1701 1300 1758 fuisse

129 1789 255 1869 ἀόριστα
288 1789 445 1868 πρόσωπα
478 1811 544 1850 eum
577 1811 593 1846 e
626 1791 775 1850 Ciceronis
806 1791 963 1867 paradoxis
995 1790 1062 1848 lieet
1093 1791 1237 1861 conicere,
1271 1791 1299 1848 iu

128 1881 236 1956 quibus
275 1881 431 1939 stoicorum
472 1899 550 1939 more
581 1881 630 1938 ille
660 1881 801 1956 disputat,
833 1887 895 1938 tum
923 1879 1033 1954 optime
1064 1880 1090 1937 ni
1119 1879 1205 1937 fallor
1232 1898 1299 1938 eon-

132 1970 265 2027 firmatur
287 1970 359 2044 ipsis
375 1970 547 2044 fragmentis
571 1970 678 2028 stoicis.
715 1969 857 2044 inspicias
881 1969 972 2044 igitur
988 1971 1090 2043 fragm.
1110 1971 1169 2026 121
1188 1968 1301 2027 Gerehe

130 2063 182 2132 (z
219 2058 295 2116 Plut.
329 2061 373 2116 An
409 2058 489 2116 utilis
522 2059 561 2116 sit
593 2065 721 2134 praenot.
755 2061 843 2116 futur.
885 2060 988 2132 fragm.
1016 2058 1073 2115 XV
1103 2061 1121 2116 3
1152 2084 1192 2107 =
1222 2059 1300 2116 Stoh.

129 2147 183 2206 ecl.
213 2147 242 2204 Il
271 2149 299 2219 8,
330 2149 369 2206 25
398 2148 462 2223 ut),
498 2149 608 2220 merito,
642 2155 674 2205 ut
704 2149 828 2218 ridetur,
862 2147 1028 2223 Chrysippo
1063 2147 1218 2220 addietum,
1251 2148 1299 2206 uhi

133 2237 258 2312 primum
282 2238 369 2295 affert
392 2237 577 2294 adversarius
601 2237 734 2295 Nestoris
758 2239 856 2295 verba:

289 2326 372 2386 οὕτω
397 2330 461 2395 νῦν,
485 2324 558 2405 φίλα
582 2326 683 2396 τέκνα,
707 2323 885 2405 φυλάσσετε,
909 2324 993 2404 μηδέ
1014 2324 1064 2385 τιν’
1090 2325 1188 2392 ὕπνος

289 2415 421 2493 αἱρείτω,
445 2413 489 2494 μὴ
515 2415 623 2495 χάρμα
648 2414 815 2494 γενώμεθα
841 2413 1065 2493 δυσμενέεσσιν,

129 2503 231 2561 deinde
264 2504 306 2561 sie
338 2505 484 2579 pergitur:
515 2502 561 2564 Oe
591 2503 799 2584 γενησόμεθα,
828 2503 907 2584 φνγσί
931 2526 985 2572 τις,
1017 2501 1086 2564 οὐδ’
1120 2504 1158 2563 ἂν
1182 2503 1300 2564 nuderi-

131 2591 246 2670 δωμεν,
275 2591 303 2651 εἰ
323 2593 534 2672 πεπρωμένον
562 2592 622 2652 ε’στὶ
648 2593 693 2673 μίγ
719 2592 837 2653 ἁλῶναι
865 2591 918 2652 τδν
946 2592 1157 2672 ναύσταθμον.
1183 2628 1224 2636 -
1252 2591 1302 2660 Τίς

130 2680 189 2741 οὐκ
211 2681 251 2740 ἂν
269 2681 347 2740 einez
367 2680 448 2760 πρὸς
465 2680 537 2748 τοὺς
555 2687 648 2742 ταῦτα
666 2682 838 2762 ληροῦντας
859 2681 902 2741 ὅτι
919 2681 1126 2761 καδείμαρται
1148 2681 1207 2760 μὲν
1226 2683 1303 2750 ἴσως

130 2769 250 2828 ἅπαντα
274 2775 368 2829 ταῦτα
392 2769 514 2852 mter.
538 2772 640 2847 fragm.
668 2774 738 2843 118,
767 2773 836 2844 120,
864 2774 890 2830 a.

226 2861 276 2932 18)
290 2860 419 2918 Aliorum
433 2861 511 2918 dicta
524 2862 660 2937 laetaque
674 2862 780 2920 stoicos
794 2868 827 2919 ut
839 2862 958 2919 Bienem
970 2861 1091 2919 orationi
1105 2861 1300 2920 immiscuisse

130 2949 214 3006 facile
242 2950 429 3022 cognoscitur
456 2969 472 3007 e
501 2950 680 3026 Chrysippo;
705 2952 741 3009 ef.
765 2969 789 3008 e.
816 2969 859 3025 gr.
883 2950 1007 3025 Bagueti
1031 2951 1212 3008 collectionis
1235 2970 1300 3026 pag.

132 3039 203 3111 269,
238 3038 310 3109 272,
344 3040 416 3111 281,
451 3041 523 3112 284,
558 3040 630 3097 294.
677 3041 758 3098 Inter
785 3039 904 3097 virtutis
931 3046 1030 3097 autem
1054 3040 1233 3115 exemplaria
1258 3041 1301 3097 in·

130 3127 232 3201 primis
265 3127 347 3184 stoici
378 3129 568 3186 numerabant
592 3129 758 3201 Herculem,
787 3129 957 3202 cynicorum
985 3135 1146 3204 patronum.
1174 3129 1210 3188 ef.
1235 3129 1299 3187 Seu.

130 3216 166 3272 de
190 3221 281 3274 const.
308 3217 335 3288 2,
361 3218 388 3274 1.

220 3307 273 3379 20)
293 3305 577 3381 llxemplifieationis
598 3325 683 3364 usum
706 3307 852 3382 praeclare
874 3307 1004 3365 illustrat
1020 3307 1205 3382 Chrysippus
1223 3309 1300 3383 apud

131 3394 194 3450 tial.
215 3393 233 3451 l.
254 3413 278 3452 e.
303 3397 375 3467 389,
393 3399 410 3452 8
429 3413 471 3470 sq.
488 3395 571 3454 οὕτω
588 3393 646 3474 γὰρ
662 3395 848 3474 ἕξιστάμεθα
865 3443 870 3454 .
887 3442 892 3453 .
910 3395 989 3455 ὥστε
1003 3395 1082 3478 Ιἐστὶν
1098 3395 1148 3456 ὅτε
1163 3395 1301 3476 σπόγγον

130 3482 251 3560 ἔχοντες
274 3484 293 3563 ἢ
318 3483 402 3563 ἔριον
425 3483 457 3544 ἐν
484 3489 549 3551 ταῖς
572 3484 657 3564 χερσὶ
680 3490 770 3544 τοῦτο
796 3483 1018 3564 διαραξάμενοι
1041 3483 1197 3565 βάλλομεν
1221 3531 1227 3544 .
1251 3533 1257 3544 .
1282 3533 1298 3558 .,

130 3571 158 3630 εἰ
170 3569 204 3631 δὲ
219 3570 426 3651 ἐτυγχάνομεν
441 3573 600 3652 μάχαιραν
615 3574 735 3653 ἔχοντες
751 3575 770 3653 ἢ
785 3572 860 3634 ἄλλο
875 3596 910 3643 τι,
925 3572 1026 3653 τούτῳ
1042 3575 1080 3634 ἂν
1096 3573 1299 3654 ἐχρησάμεθα

129 3658 355 3739 παραπλησίως
379 3709 385 3720 .
410 3709 415 3721 .
440 3709 456 3734 .,
480 3661 630 3730 πολλάκις
654 3661 688 3723 δὲ
713 3710 718 3721 .
744 3710 749 3721 .
774 3710 780 3722 .
804 3661 858 3730 τὰς
881 3661 962 3729 κλεῖς
986 3662 1143 3742 δάκνομεν
1167 3663 1220 3724 καί
1246 3662 1300 3731 τὰς

132 3749 233 3826 ι’λιίρας
260 3749 413 3830 τύπτομεν
441 3799 447 3810 .
478 3799 483 3810 .
516 3798 522 3811 .
551 3750 631 3830 πρὸς
660 3750 694 3812 δὲ
720 3750 792 3820 τοὺς
819 3751 928 3819 λίιλους
951 3751 1005 3812 ἐὰν
1028 3753 1299 3832 προσπταίσωμεν,

130 3844 347 3917 τιμωρητικιῦς
370 3840 621 3920 προσφερόμεθα
647 3841 852 3920 καταγνύντες
879 3840 932 3902 καὶ
955 3841 1131 3918 ῥιπτοῦντες
1154 3843 1196 3908 εἴς
1218 3865 1301 3909 τινας

130 3925 246 3994 πίπους
269 3927 321 3987 καὶ
345 3928 538 4007 ἐπιλέγοντας
562 3929 639 3990 καθ’
666 3930 779 3990 ἕκαστα
803 3931 923 3990 τούτων
946 3929 1138 3990 ἀτοπώτατα.
1162 3935 1197 3989 ef.
1221 3933 1299 3990 l'lut.

131 4018 166 4074 de
190 4018 271 4075 stuic.
297 4036 356 4092 rep.
380 4038 441 4094 esui.
467 4022 516 4093 21,
541 4040 607 4096 pag.
633 4023 705 4094 245,
730 4024 747 4078 ι’)
775 4017 986 4099 (Χρύσιππος)
1012 4018 1109 4080 εἰπὼν
1138 4019 1182 4080 ὅτι
1210 4020 1301 4100 ἐγγύς

131 4105 223 4184 ι’σμεν
247 4111 302 4166 τοῦ
322 4106 374 4166 καὶ
392 4105 464 4174 τοὺς
481 4113 652 4187 κοπρῶνας
671 4109 860 4188 ζωγραφεῖν,
873 4109 935 4187 μετ’
961 4107 1064 4187 ὀλίγον
1086 4107 1122 4168 τὰ
1142 4111 1299 4188 γεωργικά

130 4217 207 4275 φησι
230 4195 434 4266 καλλωπίζειν
457 4196 539 4265 τινὰς
562 4197 769 4277 ἀναδενδράσι
796 4197 849 4258 καί
871 4197 1042 4278 μυῤῥίναις,
1065 4197 1118 4258 καὶ
1140 4198 1224 4267 ταὼς
1247 4199 1301 4260 καλ

130 4283 312 4364 περιστερὰς
343 4286 492 4366 τρέφουσι
515 4285 568 4348 καὶ
598 4286 750 4369 πέρδικας
777 4288 826 4351 ἵνα
854 4287 1090 4368 κακκαβίζωσιν
1117 4287 1220 4358 αὐτοῖς
1247 4288 1301 4352 καὶ
