3216 5218
603 415 823 519 ..ης

137 653 267 712 homines
290 653 509 713 obtrectationis
537 673 625 713 causa
652 673 719 714 cum
747 655 921 715 animalibus
949 663 1162 734 comparentur,
1173 656 1195 736 1)
1223 660 1306 719 velut

136 743 212 819 apud
237 742 431 801 Plutarchum
454 743 490 802 de
513 762 578 820 cup.
603 744 685 803 divit.
710 746 783 818 361,
807 747 845 804 15
871 745 995 821 viperae,
1019 747 1210 822 cantharides,
1233 750 1305 825 pha-

135 832 230 907 langia
258 851 311 908 per
338 833 583 908 comparationem
611 834 777 892 hominibus
804 841 1001 910 opponuntur,
1031 837 1191 913 eodemque
1219 839 1305 897 modo

135 923 206 994 362,
233 923 250 980 0
277 939 388 995 mures,
417 922 454 980 de
478 927 592 998 tranqu.
619 924 691 995 217,
717 924 755 982 17
786 941 875 982 canes
903 925 949 1000 (cf.
976 925 1048 1000 209,
1076 926 1135 1001 16),
1165 928 1238 996 230,
1263 929 1302 986 25

134 1027 259 1083 muscae,
284 1011 321 1068 de
337 1010 406 1069 exil.
422 1012 495 1084 550,
512 1013 530 1069 3
553 1011 690 1070 formicae
705 1029 841 1088 apesque,
864 1013 901 1071 (le
917 1013 1022 1073 curios.
1040 1016 1113 1088 337,
1131 1016 1169 1074 17
1187 1017 1303 1092 gallina.

133 1101 165 1156 cl.
190 1099 283 1174 Epict.
306 1099 377 1158 (liss.
401 1100 417 1158 I
442 1102 469 1173 6,
497 1101 535 1158 12
566 1097 671 1162 πολλὰ
700 1097 734 1160 δὲ
764 1098 854 1162 κοινὰ
883 1101 1023 1182 εὑρήσεις
1046 1103 1120 1182 ἡμῖν
1148 1103 1201 1164 καὶ
1223 1103 1304 1184 πρὸς

132 1186 166 1248 τὰ
191 1186 297 1266 ἄλογα.
346 1189 413 1247 llor.
438 1194 490 1247 sat.
514 1188 574 1264 Ι3,
594 1191 655 1249 109
679 1209 759 1248 ιιιονο
774 1190 908 1265 ferorum
931 1197 961 1250 et
983 1193 1177 1268 fragmentum
1194 1195 1304 1254 Aristo-

133 1296 216 1336 neum
241 1278 271 1335 in
294 1277 459 1354 gnomolog.
484 1278 576 1337 Vatic.
600 1278 645 1338 ed.
670 1279 865 1356 Sternoaohn
888 1298 915 1339 n.
941 1282 1012 1340 120.

219 1383 362 1443 Eiusdem
386 1384 501 1460 generis
527 1390 574 1444 est
601 1385 753 1443 hommum
782 1405 849 1445 cum
874 1387 973 1446 stultis
995 1389 1095 1464 pueris
1119 1391 1302 1464 comparatio,

133 1492 205 1550 quae
229 1473 382 1550 peragitur
397 1473 495 1548 etiam,
519 1478 553 1532 ut
571 1474 695 1548 videtur,
718 1475 748 1533 in
764 1474 904 1534 Varronis
928 1481 1027 1536 satura
1041 1477 1204 1554 Menippea,
1227 1498 1302 1556 quae

131 1563 268 1639 iuscripta
298 1567 343 1621 est
371 1561 554 1639 Marcipor.³)
599 1565 634 1622 cl.
658 1564 736 1622 Plnt
760 1564 796 1623 de
819 1565 887 1624 exil.
913 1567 985 1639 554,
1017 1568 1036 1625 4
1069 1565 1217 1647 καθάπερ
1240 1573 1303 1635 τοῖς

131 1649 286 1712 δεδοικόσι
300 1650 337 1711 τὰ
353 1656 536 1732 προσωπεῖα
556 1649 690 1720 παιδίοις
713 1651 780 1715 κτλ.
805 1654 842 1712 de
866 1659 980 1731 tranqu.
998 1656 1070 1730 220,
1096 1659 1113 1715 6
1139 1654 1247 1736 ὥσπερ
1265 1655 1301 1717 τὰ

129 1739 225 1822 μικρὰ
249 1739 399 1821 παιδάρια
423 1739 491 1804 κτλ.
524 1741 619 1818 Epict.
643 1742 674 1800 H
700 1744 749 1816 10,
774 1744 814 1802 33
844 1748 875 1802 et
898 1745 939 1803 39
964 1743 1010 1812 ὡς
1036 1742 1073 1804 τὰ
1101 1743 1208 1805 παιδία
1232 1745 1300 1809 κτλ.

217 1849 350 1925 Denique
381 1867 449 1908 cum
481 1850 588 1909 morbis
618 1868 785 1927 comparare
812 1851 940 1912 humana
968 1853 1038 1912 vitia
1065 1858 1212 1931 tamquam
1240 1853 1301 1912 ani·
1387 1907 1390 1914 .

22 1989 23 1992 ,
131 1957 242 1998 morum
272 1937 408 2013 medici4)
441 1939 498 1997 iam
526 1939 593 1998 iude
621 1941 657 1998 ab
686 1940 862 2000 Antisthene
895 1942 991 2016 cynici
1020 1943 1159 2002 solebant.
1210 1943 1300 2002 (iuius

129 2029 170 2086 rei
199 2028 335 2104 exempla
363 2034 433 2087 sunt
459 2029 524 2104 ipsa
552 2029 652 2087 Bionis
679 2029 842 2105 fragmenta
869 2032 949 2106 apud
972 2030 1032 2090 Tel.
1058 2033 1107 2100 29,
1138 2034 1153 2090 1
1189 2031 1301 2111 ὅμοιον

130 2115 197 2197 γάρ,
220 2115 315 2196 φησὶν
338 2115 356 2177 ὁ
380 2114 477 2188 Βίων,
505 2115 551 2184 ὡς
573 2117 605 2178 εἴ
620 2139 664 2185 τις
685 2115 739 2184 τὸν
762 2117 947 2199 ὑδρωπικδν
971 2118 1038 2183 κτλ.
1068 2121 1149 2180 etin
1173 2123 1300 2198 gnomol.

132 2207 221 2266 Vatic.
247 2227 274 2266 n.
301 2209 373 2278 157,
396 2207 432 2266 cf.
457 2207 580 2266 Bionem
603 2208 681 2283 apud
707 2207 784 2267 Plut.
817 2209 854 2267 de
886 2227 951 2268 sera
977 2229 1055 2269 num.
1081 2211 1159 2269 vind.
1185 2213 1258 2285 450,
1280 2215 1298 2270 5

129 2297 196 2372 (vol.
227 2297 290 2373 ΠΙ).
334 2295 508 2360 ,Ριιιοῒειοο
539 2297 674 2372 exempla
706 2297 797 2356 habes
829 2298 905 2357 Plut.
940 2300 977 2358 de
1010 2305 1124 2382 tranqu.
1156 2301 1228 2374 214,
1259 2302 1298 2359 12

128 2384 235 2466 ὥσπερ
258 2383 330 2453 τοὺς
352 2383 502 2453 νοσώδεις
524 2384 592 2448 κτλ.
618 2387 752 2458 218,18
777 2385 823 2454 ὡς
846 2384 905 2467 γὰρ
929 2386 962 2448 ἓν
984 2395 1029 2468 τῷ
1051 2387 1207 2470 πυρέττειν
1229 2388 1298 2452 κτλ.

129 2476 202 2549 239,
228 2476 244 2534 2
271 2473 316 2550 ὡς
340 2472 399 2555 γὰρ
419 2474 449 2536 οῖ
468 2473 622 2554 ῥιγοῦντες
637 2473 779 2554 ἠπιάλοις
793 2474 861 2540 κτλ.
887 2478 960 2543 210,
977 2480 995 2536 3
1013 2476 1106 2539 οὐδὲν
1123 2477 1157 2539 δὲ
1172 2477 1300 2558 βελτίων

128 2569 234 2644 ψυχῆς
245 2563 349 2645 ἰατρός
361 2563 430 2627 κτλ.
445 2565 517 2638 217,
534 2566 572 2623 14
586 2563 694 2645 ὥσπερ
706 2563 810 2645 ἰατρός
820 2564 888 2628 κτλ.
909 2567 981 2640 238,
995 2569 1034 2626 25
1049 2566 1116 2628 οἷον
1128 2566 1219 2636 ἕλκος
1231 2567 1298 2639 κτλ.

127 2654 163 2712 cf.
187 2654 265 2713 Plut.
290 2655 326 2712 tle
350 2672 416 2730 cup.
439 2653 522 2713 divit.
546 2655 619 2728 358,
643 2656 671 2714 3.
696 2654 732 2714 de
754 2655 823 2714 exil.
847 2657 921 2730 553,
946 2657 996 2716 10.

693 2916 732 2986 9.

216 3063 432 3140 Saepenumero
456 3065 547 3124 oratio
575 3084 633 3125 non
657 3066 730 3142 ipsis
754 3067 1021 3142 comparationibus
1045 3066 1216 3142 illustratur,
1245 3069 1297 3126 sed

125 3152 271 3230 exemplis
309 3153 371 3212 sine
408 3155 554 3230 particula
589 3155 786 3230 comparativa
815 3155 951 3230 inductis,
989 3173 1064 3232 qnae
1099 3175 1157 3232 qua
1189 3157 1298 3218 ratione

125 3261 287 3318 proponere
316 3243 393 3301 soliti
422 3243 481 3302 sint
508 3244 696 3303 ‹liatribarum
724 3249 869 3318 auctores,
892 3244 1138 3321 contemplatione
1166 3265 1222 3304 non
1252 3252 1299 3306 est

22 3375 27 3408 ,
125 3332 287 3408 indignum.
346 3332 427 3392 Haec
458 3338 556 3391 autem
583 3334 719 3409 exempla
752 3334 868 3392 diversa
897 3339 966 3392 sunt
992 3353 1009 3392 a
1036 3332 1265 3413 παραδείγμασι
1276 3335 1298 3409 ⁵)

125 3421 188 3479 sive
220 3421 365 3497 exemplis
398 3439 473 3498 quae
505 3422 635 3481 rhetores
670 3423 840 3482 discemunt
873 3443 889 3481 a
923 3421 1091 3503 παραβολῇ
1118 3424 1158 3499 (et
1184 3423 1298 3498 εἰκόνι),

124 3528 220 3586 neque
243 3529 382 3582 seorsum,
406 3515 547 3587 quantum
562 3512 657 3585 video,
680 3513 717 3570 ab
741 3512 783 3570 eis
807 3517 938 3571 tractata.
965 3512 1162 3570 Nihilominus
1185 3532 1239 3588 ego
1260 3515 1296 3571 ab

124 3598 201 3674 ipsis
223 3599 489 3676 comparationibus
512 3599 563 3658 illa
587 3601 770 3676 segreganda
793 3601 914 3677 putavi.-

218 3896 237 3962 1)
257 3897 293 3950 cf.
312 3897 345 3949 Ε.
365 3898 475 3952 Weber
493 3914 564 3968 pag.
585 3900 634 3950 107
654 3914 697 3968 sq.

217 3983 237 4052 ²)
256 3987 287 4039 in
307 3985 413 4040 studiis
432 3987 599 4041 Vindobon.
618 3987 676 4041 vol.
697 3987 828 4040 ΙΧ-ΧΙ.

217 4071 237 4140 ³)
257 4075 294 4128 cf.
314 4073 434 4129 Norden
454 4076 484 4127 in
504 4076 604 4129 annal.
623 4075 766 4145 philolog.
786 4077 882 4146 suppl.
902 4076 1011 4144 XVlll,
1030 4093 1100 4146 pag.
1121 4079 1171 4128 261
1192 4093 1233 4145 sq.

215 4162 237 4228 4)
256 4163 426 4218 Wendland
455 4169 589 4232 ,‚quaest.
615 4163 748 4218 Muson.“
777 4180 847 4235 pag.
877 4168 917 4233 12,
945 4170 967 4219 1.
1015 4165 1110 4220 Zeller
1135 4166 1201 4219 hist.
1227 4167 1297 4235 phil.

123 4233 197 4304 gr.⁴
216 4233 245 4288 ll
266 4239 290 4302 1,
309 4250 379 4304 pag.
400 4237 450 4285 332
470 4251 513 4304 sq.

216 4322 238 4389 Β)
258 4324 295 4376 de
315 4325 359 4377 his
380 4328 484 4392 postea
501 4339 574 4393 pag.
593 4327 627 4375 24
646 4339 689 4392 sq.

1192 4434 1208 4482 2
