3216 5218
798 443 1018 504 ..13-

410 638 514 715 Itaque
547 657 599 716 pro
632 639 674 698 alt
661 644 724 699 tero
757 639 981 717 comparationis
1013 643 1143 700 membro
1175 643 1313 719 exempla
1345 647 1496 742 tamquam

321 727 476 803 primariae
501 729 626 787 sentent
605 734 664 787 trae
687 729 822 788 absolute
845 729 972 789 afferunt
960 735 1021 789 tzur

322 833 397 893 Plut.
429 833 468 893 de
494 835 598 894 curios
628 836 746 910 334,1
770 833 908 896 Ἄπνουν
935 837 955 944 ἡ
984 835 1144 916 σκοτεινὴν
1168 883 1174 896 .
1195 883 1200 896 .
1224 884 1229 895 .
1255 837 1356 898 οἰκίαν
1384 842 1496 918 φυγεῖν

427 921 486 1003 μὲν
497 923 707 1004 ἴσωςόριστον
722 921 797 987 κτλ·
824 923 889 985 ἐπεὶ
903 924 1006 986 τοίνυν
1023 925 1083 985 ἔστι
1096 924 1161 986 τινά
1178 925 1269 1006 πάθη
1286 925 1413 1007 νοσώδη
1431 973 1458 986 ..
1478 973 1494 1002 .,

428 1012 553 1092 άριστον
575 1011 634 1093 μὲν
658 1012 792 1084 ἐξωθεῖν
814 1019 918 1074 ταῦτα.

428 1102 465 1160 de
488 1121 554 1179 cup.
572 1102 652 1162 divit.
671 1105 743 1177 358,
768 1105 786 1163 3
805 1099 908 1164 Ὅταν
923 1101 1027 1184 ιὀτρδς
1049 1101 1130 1184 πρὸς
1147 1103 1323 1187 ἄνθρωπον
1343 1103 1495 1166 εἰσελθὼν

506 1190 582 1272 εθρη
606 1189 650 1278 μὴ
680 1191 877 1272 πυρέττοντα,
981 1191 1131 1272 ἀπῆλθεν.
1168 1193 1287 1255 οὐκοῦν
1314 1192 1368 1254 καὶ
1395 1194 1494 1274 ἡμεῖς,

429 1279 503 1340 ὅταν
526 1278 645 1359 ἴδωμεν
668 1279 768 1360 ἄνδρα
792 1281 844 1360 τῷ
866 1288 1015 1362 πορισμῷ
1037 1281 1268 1362 προστετηκότα
1288 1281 1356 1360 κτλ.

430 1369 467 1428 da
496 1370 607 1429 virte
608 1370 698 1428 ttvi
728 1371 846 1444 244,1
888 1367 932 1430 Τὰ
966 1369 1070 1450 ἱμάτια
1106 1369 1196 1432 δοκεῖ
1227 1371 1406 1453 θερμαίνειν
1439 1370 1494 1433 τὸν

428 1457 604 1538 ἄνθρωπον
639 1455 711 1521 κτλ·
746 1457 839 1520 ταύτὸ
864 1457 902 1540 δὴ
933 1464 1024 1521 τοῦτο
1054 1465 1117 1528 τοῖς
1144 1460 1325 1542 πράγμασιν
1347 1461 1494 1543 ὑπάρχον

428 1545 566 1628 εξαπατᾶ
588 1545 660 1616 τοὺς
682 1546 825 1616 πολλούς.

320 1635 414 1712 Epist.
438 1636 527 1711 IV7,
549 1639 588 1696 22
610 1635 828 1718 ἰσχαδοκάρυά
849 1660 894 1706 τις
917 1617 1096 1718 διαρῥιτττεῖ·
1114 1661 1151 1699 τα
1142 1637 1275 1700 παιδία
1292 1639 1493 1722 ἁρπάζει...

427 1725 571 1806 ἐπαρχίαι
595 1724 842 1788 διαδίδονται·
822 1748 932 1806 οιμεται
954 1725 991 1788 τὰ
1014 1726 1131 1789 παιδία

321 1815 356 1874 ct.
380 1815 450 1875 Hor.
474 1822 527 1874 sat.
552 1816 567 1874 I
592 1817 621 1886 3,
647 1817 687 1876 80
713 1835 755 1894 sq.

409 1921 502 2000 Saepe
525 1923 601 1982 inter
623 1924 791 2000 exemplum
814 1931 845 1984 et
868 1930 1042 2001 sequentem
1066 1925 1242 1984 sententiam
1266 1945 1340 2003 quaa
1357 1927 1492 2002 exemplo

320 2013 449 2071 illustrat
405 2019 494 2087 ratur,
518 2032 549 2072 ra
551 2013 592 2071 tio
616 2012 737 2072 interest
759 2014 957 2073 adversativa.

321 2119 381 2179 Tel.
407 2121 456 2195 18,
483 2121 522 2179 16
553 2117 619 2179 ἀλλ’
650 2119 679 2180 εί
650 2117 757 2200 εμὲν
786 2117 842 2199 τὴν
871 2125 1002 2199 γυναῖκα
1025 2119 1130 2201 ᾔσθου
1153 2120 1297 2202 πονηρὰν
1396 2120 1492 2184 οὖσαν

426 2207 579 2289 πρότερον
601 2206 646 2288 μὴ
671 2207 811 2276 εἰδῶς’ι
793 2231 832 2270 αν
856 2209 943 2289 ἔσχες
966 2205 1058 2290 χάριν
1083 2256 1146 2286 ...,
1174 2211 1203 2271 εἰ
1224 2209 1258 2272 δὲ
1279 2210 1336 2291 τὴν
1359 2211 1490 2293 πατρίδα

426 2295 571 2378 πονηρὰν
593 2296 706 2378 ᾔσθου,
732 2297 878 2379 ἀκληρεῖν
898 2298 1010 2379 ἡγὴση,
1035 2298 1101 2360 ἀλλ’
1128 2299 1166 2360 οὐ
1182 2299 1273 2381 χάριν
1290 2301 1380 2377 ἔξεις,
1406 2303 1488 2375 20,7

427 2385 480 2447 καὶ
502 2384 639 2466 Κάδμον
662 2385 721 2466 μὲν
824 2386 1007 2468 θαυμάζεις,
1031 2387 1086 2468 ἐμὲ
1110 2387 1144 2449 δὲ
1246 2388 1414 2468 ὀνειδίζεις,

320 2477 396 2535 Plut.
421 2477 458 2536 de
481 2482 595 2552 tranqu.
621 2477 693 2549 219,
720 2479 734 2534 1
766 2481 822 2537 νῦν
847 2473 958 2544 δὲτὰς
979 2475 1038 2557 μὲν
1062 2477 1152 2556 ὄψεις
1250 2483 1315 2547 ταῖς
1338 2478 1492 2560 ἀνθηραῖς

427 2563 480 2626 καὶ
496 2563 634 2625 ποώδεσι
652 2563 762 2644 χρόαις
778 2571 1035 2647 παρηγοροῦμεν·
1053 2565 1108 2646 τὴν
1121 2565 1155 2628 δὲ
1170 2565 1309 2636 διάνοιαν
1322 2568 1492 2648 ἐντείνομεν

426 2654 469 2722 εἰς
491 2651 528 2714 τὰ
551 2652 676 2734 λυπηρά
697 2653 764 2717 κτλ.
790 2656 862 2729 222,
888 2656 929 2713 24
953 2655 986 2716 ἒν
1004 2653 1162 2736 Ὀλυμπίᾳ
1185 2655 1244 2737 μὲν
1344 2657 1377 2720 ἐν
1398 2657 1432 2719 δὲ
1447 2664 1492 2738 τῷ

426 2743 487 2823 βίῳ
511 2741 577 2807 κτλ.
621 2744 693 2818 228,
723 2745 763 2802 20
792 2747 848 2805 νῦν
877 2742 911 2805 δὲ
938 2743 993 2824 τὴν
1021 2744 1161 2825 ἄμπελον
1189 2751 1270 2807 σῦκα
1298 2747 1404 2827 φέρειν
1432 2746 1490 2808 οὐκ

427 2831 594 2912 ἀξιοῦμεν
608 2830 695 2892 αὐτοὶ
719 2830 753 2893 δὲ
777 2831 843 2895 κτλ.

320 2923 357 2981 de
372 2922 440 2981 exil.
462 2924 536 2995 55,
554 2919 720 2987 ὅόλίθος
736 2920 827 3000 φύσει
847 2920 1038 3002 σκληρός..
1056 2920 1200 3003 ,φυγὰς
1216 2922 1250 2984 δὲ
1265 2924 1333 2988 κτλ.
1362 2927 1489 3000 553,1(1

426 3010 459 3071 αἱ
473 3009 532 3091 μὲν
548 3008 608 3119 γὰρ
624 3009 756 3090 ἰατρικαὶ
772 3009 899 3072 σικύαι.
939 3034 1008 3084 ,οι
1000 3010 1064 3073 δὲ
1081 3011 1246 3092 φιλόλυποι
1262 3013 1328 3076 κτλ.
1354 3017 1425 3080 556
1451 3017 1489 3073 14

426 3097 487 3161 εἶτα
497 3103 561 3160 τῶν
569 3097 628 3179 μὲν
637 3096 775 3180 Περσῶν
784 3057 945 3179 βασιλέων
957 3100 1224 3181 καταγελῶμεν,“’
1204 3123 1278 3163 οταν
1289 3101 1323 3164 δὲ
1332 3107 1489 3183 μεταστῶ-

466 3187 573 3251 νκτλ.

319 3278 414 3355 Epist.
424 3211 483 3338 44811
508 3279 558 3350 26,
584 3279 623 3336 25
650 3275 727 3338 ἀλλὰ
752 3281 864 3346 σκεῦος
887 3276 946 3358 μὲν
971 3325 1030 3354 ...,
1055 3278 1089 3340 σὲ
1114 3278 1257 3347 δὀὐδελς,

319 3369 354 3426 ef.
379 3368 441 3427 Tel.
465 3369 517 3440 45,
544 3369 582 3428 17
609 3364 750 3446 γεωργὸς
774 3366 811 3428 οὐ
834 3372 918 3428 ποιεῖ
937 3372 1035 3431 τοῦτο.

407 3475 617 3534 Praeaedentia
648 3475 784 3550 exemplo
818 3475 1004 3534 declarantur
1039 3478 1117 3554 apud
1151 3477 1220 3536 Hor.
1254 3484 1308 3536 sat.
1341 3479 1356 3536 I
1389 3481 1417 3552 3,
1450 3481 1488 3536 36

1146 3567 1279 3644 Namque

570 3653 712 3728 Naqtaatr's
734 3653 847 3712 υιουιία
868 3654 936 3729 χίλια
958 3655 1126 3714 innascitur
1148 3657 1236 3730 αρτιε.

407 3761 621 3836 Nonnunquam
662 3759 735 3818 ratio
772 3761 972 3836 eomparatira
1013 3762 1196 3837 significatur
1229 3761 1337 3822 additis
1372 3764 1491 3823 vocibus

318 3849 371 3912 καὶ
395 3847 455 3930 γὰρ
478 3855 531 3908 aut
554 3850 579 3908 si
602 3849 742 3926 negativa
765 3854 811 3907 est
834 3851 981 3909 sententia
1004 3852 1125 3909 vocibus
1149 3849 1223 3912 οὐδὲ
1240 3849 1313 3930 γάρε
1343 3921 1345 3928 y

318 3941 396 3999 Plut.
420 3940 456 3998 de
480 3939 549 3998 exil.
574 3940 647 4013 552,
673 3941 689 3998 7
715 3935 817 3998 Ἔστω
842 3936 876 3999 δὲ
901 3937 1001 4000 δεινὸν
1025 3985 1031 3998 .
1051 3986 1081 3998 ..
1106 3939 1125 4020 ἡ
1150 3940 1244 4020 φυγή.
1269 3939 1322 4001 καὶ
1346 3938 1405 4022 γὰρ
1428 3945 1491 4001 τῶν

424 4027 607 4109 βρωμάτων
622 4024 719 4107 πικρά
736 4022 837 4088 πολλοί
853 4026 921 4090 κτλ.
946 4029 983 4086 (le
999 4029 1103 4088 aurius.
1119 4031 1192 4103 339,
1210 4033 1228 4088 5
1246 4028 1299 4090 καὶ
1315 4028 1375 4111 γὰρ
1392 4029 1422 4090 οἱ
1436 4034 1490 4090 τοῦ

424 4116 512 4197 ἡλίου
534 4115 590 4196 τὴν
609 4115 756 4196 ἄφθονον
781 4162 835 4175 ...
860 4115 967 4177 άκτϊνα
983 4121 1186 4197 παρορῶντες
1209 4117 1274 4180 κτλ.
1299 4120 1372 4194 343,
1396 4122 1414 4176 5
1439 4117 1491 4180 καὶ

424 4204 484 4287 γάρ
511 4203 584 4274 τοὺς
615 4204 751 4273 τελώνας
782 4204 999 4286 βαρυνόμεθα.
1038 4208 1074 4266 de
1107 4214 1222 4284 tranqu.
1259 4210 1331 4281 228,
1363 4210 1383 4267 4
1417 4207 1491 4270 οὐδὲ

424 4294 485 4378 γὰρ
509 4295 540 4357 οῖ
562 4295 699 4378 δρομεῖς.
