3216 5218
760 395 979 452 „56-

291 589 321 646 ni
366 590 450 648 fallor
497 609 565 648 cum
608 589 645 648 iis
693 589 878 649 consentiunt
920 609 994 666 quae
1043 591 1080 649 de
1129 589 1294 666 Chrysippo
1341 591 1464 666 exponit

292 679 397 736 Fronto
413 698 479 754 pag.
497 679 558 738 146
576 679 660 737 Nab:
685 680 788 754 euripila
806 684 832 736 ct
850 679 968 738 adtccdc
986 681 1056 756 qam
1074 679 1172 754 capiat
1187 679 1248 754 ipsc
1271 679 1463 755 Obrpsrppas.

292 758 375 825 libna
397 773 548 826 contactas
571 774 612 826 cst
634 769 738 838 docere,
762 787 824 826 ram
847 770 1000 842 cslcadcrc,
1030 769 1160 844 definire,
1190 769 1366 843 caplauarc?
1402 787 1465 827 aco

292 862 332 913 cst
355 863 521 914 conteratos:
544 877 646 914 aarum
668 862 753 932 capet
771 858 805 914 m
820 864 962 932 maulam
974 863 1078 933 polest,
1102 863 1260 932 maloqcrai,
1280 859 1463 932 praemunit,

291 946 384 1017 itcrat,
409 946 512 1022 differt,
541 947 672 1018 recurrit,
695 947 862 1021 iatamcpat,
891 947 1032 1016 describit,
1061 947 1172 1019 diuidit,
1198 965 1343 1022 personas
1365 947 1464 1022 sirapti)

292 1035 454 1092 orationem
478 1053 566 1092 saum
589 1035 643 1092 alii
669 1036 864 1093 accommodat
892 1082 897 1094 .
923 1081 929 1094 .
954 1082 960 1093 .
990 1036 1111 1094 Vidcsac
1138 1037 1172 1092 ab
1195 1055 1226 1093 co
1245 1055 1339 1111 pacm
1362 1037 1466 1094 omniu

293 1129 442 1181 oratorum
465 1143 550 1181 urana
574 1125 713 1182 tractari?
750 1125 852 1182 Mirum
877 1125 956 1183 enim
980 1130 1058 1184 esset
1081 1143 1146 1184 mea
1169 1125 1312 1184 sententia
1331 1143 1397 1183 enm
1413 1124 1466 1202 qui

294 1212 362 1270 talia
385 1213 523 1286 docuerit,
541 1231 592 1272 sua
615 1213 711 1289 ipsius
727 1219 884 1289 praecepta
901 1233 1021 1290 prorsus
1040 1214 1207 1288 neglexisse
1226 1215 1362 1291 omnique
1381 1233 1465 1272 orna-

294 1308 390 1361 mento
413 1303 554 1361 rhetorico
577 1303 608 1360 in
632 1302 747 1378 scriptis
771 1303 831 1361 suis
855 1321 887 1362 se
910 1304 1094 1362 abstinuisse.

381 1410 476 1467 Immo
505 1410 529 1467 si
552 1428 615 1468 earn
641 1409 717 1468 viam
741 1410 947 1485 ingrediemur,
976 1429 1050 1487 quae
1074 1411 1135 1469 sola
1158 1410 1195 1468 ad
1218 1411 1293 1468 hanc
1316 1411 1462 1486 quaestio-

294 1517 360 1556 nem
384 1499 480 1574 aliqua
503 1517 571 1556 cum
590 1498 793 1574 probabilitate
812 1500 1027 1558 diiudicandam
1044 1505 1142 1573 restat,
1166 1504 1199 1558 ut
1217 1499 1280 1574 ipsa
1299 1499 1465 1572 stoicorum,

293 1588 343 1663 qui
380 1593 447 1646 ante
484 1587 625 1647 Senecam
662 1589 854 1664 scripserunt,
891 1590 1105 1664 perlustramus
1141 1590 1317 1663 fragmenta,
1355 1588 1465 1664 ubique

294 1678 418 1736 Bioneos
446 1677 558 1736 colores
585 1677 736 1753 perlucere
765 1679 935 1736 sentiemus,
986 1677 1088 1752 Quare,
1116 1678 1186 1736 licet
1213 1677 1291 1754 apud
1320 1678 1464 1753 quosdam

294 1767 388 1841 magis
415 1767 569 1825 recesserit
592 1767 732 1825 Bioneum
760 1767 874 1825 dicendi
904 1785 1005 1842 genus,
1033 1770 1089 1826 hoc
1116 1772 1213 1825 tamen
1236 1767 1298 1825 sine
1321 1767 1410 1825 dubio
1434 1767 1463 1824 in

294 1856 465 1914 universum
494 1855 582 1913 statui
612 1855 718 1931 poterit
745 1855 864 1914 minime
892 1857 966 1914 illud
989 1856 1114 1914 iacuisse
1137 1861 1203 1931 post
1226 1856 1346 1913 Bionem
1373 1856 1424 1914 sed
1448 1875 1464 1913 a

295 1945 394 2003 stoicis
411 1963 526 2020 quoque
537 1963 603 2003 esse
619 1952 794 2021 usurpatum
806 1963 840 2004 ac
853 1951 1054 2021 propagatum.
1079 1944 1170 2018 Quam
1186 1945 1361 2004 sententiam
1376 1945 1463 2020 paulo

295 2035 422 2110 amplius
445 2053 530 2107 nunc,
555 2034 580 2092 si
602 2034 704 2109 placet,
727 2035 913 2093 confirmabo.

384 2141 515 2199 Primum
539 2141 628 2215 igitur
651 2159 782 2199 seorsum
806 2142 888 2199 iuvat
910 2161 998 2216 agere
1026 2143 1063 2200 de
1087 2141 1231 2210 Aristone,
1255 2140 1340 2198 cuius
1364 2140 1462 2216 dispu-

297 2231 376 2288 tandi
399 2231 542 2288 rationem
565 2229 697 2305 proxime
721 2232 822 2289 abesse
845 2251 863 2288 a
886 2231 994 2290 Bionea
1017 2232 1053 2290 ab
1076 2230 1170 2302 aliisl)
1198 2229 1254 2288 iam
1279 2230 1463 2288 observatum

297 2326 350 2378 est.
397 2320 572 2378 Ferebantur
598 2319 675 2376 inter
702 2319 764 2378 eius
789 2321 898 2396 scripta
921 2319 1066 2400 ἐρωτικαὶ
1091 2318 1245 2398 διατριβαί
1265 2325 1295 2376 01
1319 2317 1463 2397 διάλογοι,

297 2428 473 2485 quamquam
503 2414 533 2466 et
562 2409 593 2465 hi
623 2413 654 2466 et
684 2408 751 2467 illae
782 2428 799 2466 a
828 2409 966 2468 Panaetio
997 2415 1028 2468 ct
1056 2409 1202 2468 Sosicrate
1229 2407 1464 2466 adiudicabantur

297 2499 426 2556 Aristoni
460 2497 658 2573 peripatetico.
711 2499 747 2556 cf.
781 2498 865 2573 Diog.
897 2498 994 2557 Laert.
1027 2499 1086 2556 VII
1122 2499 1200 2556 163:
1244 2497 1338 2555 Erant
1368 2502 1464 2555 autem

297 2589 361 2646 cius
399 2587 623 2645 declamationes
666 2586 797 2662 insignes
834 2587 1027 2663 persuadendi
1066 2588 1193 2664 quadam
1230 2587 1259 2643 vi
1290 2605 1325 2644 ac
1352 2586 1463 2661 vulgari

297 2677 395 2736 sensui
442 2676 692 2750 accommodatae,
746 2677 781 2734 id·
828 2677 907 2752 quod
956 2677 1140 2752 cognoscitur
1187 2677 1244 2733 iarn
1295 2694 1311 2734 e
1358 2675 1463 2733 Laertii

297 2766 464 2825 testimonio
489 2783 578 2840 supra
601 2765 688 2823 allato
712 2766 790 2843 quod
813 2766 922 2840 legitur
945 2766 1004 2824 VH
1030 2767 1100 2839 ror,
1124 2784 1178 2824 nec
1202 2784 1258 2822 non
1282 2765 1466 2823 abundabant

297 2855 547 2924 similitudinibus,
575 2873 698 2930 quarum
721 2861 823 2930 postea
850 2854 981 2913 collectio
1006 2855 1081 2912 lacta
1105 2855 1187 2929 est2)
1232 2854 1342 2912 Harum
1369 2853 1466 2911 simili-

297 2945 432 3003 tudinum
461 2943 530 3002 satis
559 2943 667 3002 multae
695 2945 777 3002 nobis
807 2950 937 3002 servatae
961 2949 1030 3002 sunt
1055 2979 1094 2986 —
1119 2963 1154 3002 ac
1177 2943 1322 3018 plurimae
1346 2943 1466 3018 quidem

296 3034 324 3091 in
354 3033 471 3092 Stobaci
502 3032 646 3108 florilegio
676 3069 726 3107 —,
755 3052 880 3108 quarum
911 3033 1039 3091 omnium
1066 3033 1127 3090 fere
1154 3039 1256 3090 natura
1284 3037 1344 3090 tam
1367 3037 1466 3107 aperte

296 3129 342 3182 est
365 3123 475 3196 cynica,
504 3127 538 3181 ut
560 3122 655 3179 fusius
679 3123 733 3180 hoc
757 3123 906 3180 illustrare
930 3123 1121 3198 supersedere
1145 3122 1264 3197 possim,
1293 3120 1466 3197 praesertim

296 3232 363 3271 cum
380 3213 416 3270 de
438 3213 493 3270 hac
516 3229 547 3269 re
563 3211 621 3268 iam
637 3212 731 3284 egerit
747 3211 888 3269 Ernestus
906 3211 1013 3269 Weber
1032 3211 1050 3268 l.
1064 3231 1087 3269 c.
1104 3230 1170 3286 pag.
1190 3213 1251 3269 185
1270 3229 1313 3286 sq.
1359 3210 1466 3284 Aliqua

296 3308 394 3361 tamen
423 3303 472 3358 hic
500 3300 588 3358 velim
616 3319 740 3358 monere.
786 3301 901 3358 Etenim
934 3300 1054 3375 dignum
1079 3306 1124 3358 cst
1147 3300 1224 3375 quod
1248 3301 1369 3357 afferam
1392 3300 1467 3372 frag·-

297 3397 430 3450 mentum
448 3390 635 3448 Aristoneurn
660 3396 809 3448 servatum
832 3390 909 3465 apud
934 3389 1012 3448 Stob.
1032 3390 1093 3446 flor.
1114 3389 1211 3446 CXIX
1227 3391 1275 3455 18,
1298 3389 1367 3464 qnia
1386 3389 1467 3456 ratio,

296 3501 354 3557 qna
383 3481 414 3538 in
437 3480 487 3538 illo
515 3479 665 3536 inducitur
688 3478 865 3554 exemplum,
891 3478 1037 3536 simillima
1067 3485 1112 3536 est
1136 3480 1171 3542 ei,
1204 3497 1291 3552 quam
1321 3477 1406 3534 etiam
1438 3477 1468 3534 in

296 3570 428 3628 diatribis
452 3568 684 3627 observavimus:
708 3565 817 3627 πολλοὶ
840 3566 934 3646 σοφοὶ
959 3565 1081 3646 γηραιοὶ
1105 3565 1313 3645 φιλοζωοῡσι·
1338 3563 1467 3643 καὶγὰρ

296 3659 326 3720 oi
354 3657 414 3737 ὀψὲ
443 3658 596 3737 γήμαντες
619 3656 838 3736 φιλοζωοῦσιν,
871 3656 908 3716 ἵν’
935 3655 1120 3735 incipiamus
1146 3653 1183 3714 τὰ
1207 3654 1298 3714 τέκνα
1327 3652 1388 3714 κτλ.
1434 3654 1468 3710 ln

296 3749 442 3824 excerptis
466 3767 482 3806 e
506 3748 569 3805 cod.
592 3747 667 3805 Flor.
691 3747 808 3805 Ioannis
831 3746 1004 3806 Damasceni
1027 3745 1057 3802 Π
1083 3747 1132 3818 13,
1158 3747 1196 3802 95
1223 3748 1275 3819 (=
1301 3743 1380 3802 Stob.
1404 3743 1467 3800 flor.

296 3839 342 3896 ed.
387 3838 473 3896 Mein.
519 3836 574 3894 vol.
620 3836 663 3894 IV
706 3855 773 3911 pag.
815 3835 890 3910 202)
941 3834 1072 3893 absolute
1123 3839 1155 3892 ut
1202 3833 1329 3891 assolent
1372 3831 1467 3905 cynici

296 3927 498 4003 gubernatoris
522 3926 692 4002 exemplum
710 3930 903 4001 comparatur,
927 3925 1006 4000 quod
1024 3923 1161 3981 lubenter
1179 3922 1269 3980 etiam
1287 3922 1317 3979 in
1336 3920 1470 3978 diatribis

387 4120 396 4149 1

387 4122 407 4257 li
427 4121 463 4243 di.
483 4121 597 4243 fiitgsclil
610 4117 678 4258 adipil
688 4120 795 4258 14'pag.
817 4189 867 4238 558
888 4203 930 4254 sq.
956 4192 985 4239 et
1011 4186 1110 4238 Hiracl
1135 4183 1411 4252 Untersuchungen
1431 4199 1470 4235 zu

298 4265 417 4324 Ciceros
437 4262 542 4335 philos.
562 4260 711 4317 Schriften
731 4259 760 4312 Π
781 4263 793 4310 1
814 4274 885 4330 pag.
905 4261 946 4327 31,
967 4258 1034 4311 adu.
1054 4259 1078 4308 2.
