3216 5218
774 440 993 497 „12-

867 625 905 698 2.

389 758 427 816 ut
463 759 518 817 hac
556 759 675 836 quidem
710 777 777 818 curn
812 777 844 818 re
882 764 945 817 arte
985 759 1122 818 cohaeret
1154 759 1236 818 aliud
1271 760 1349 837 quid.
1406 760 1471 818 Non

299 866 364 906 raro
392 847 470 906 enim
498 853 656 907 occurrunt
684 848 826 918 eiusmodi
857 848 1011 922 dictiones,
1041 867 1117 925 quae
1143 849 1175 907 in
1203 867 1252 908 ore
1276 849 1359 924 vulgi
1387 849 1471 908 tritae

300 937 437 996 videntur
460 937 558 996 fuisse.
582 938 617 996 cl.

300 1025 360 1085 uel.
388 1027 437 1100 16,
463 1027 501 1084 11
528 1025 556 1086 εἰ
577 1023 786 1086 δ’ὠδονῶντο
810 1024 859 1086 ἐπὶ
877 1025 987 1105 τούτῳ,
1013 1026 1072 1087 οὐκ
1096 1027 1135 1087 ἂν
1158 1024 1238 1106 ἦσαν
1261 1025 1412 1106 βάκηλοι,
1436 1029 1470 1086 cf.

409 1115 578 1190 Diogenian.
613 1115 659 1174 Ill
693 1117 745 1190 45,
786 1115 817 1173 in
850 1115 1004 1174 Leutschii
1038 1122 1070 1175 et
1102 1115 1317 1176 Schneidewini
1351 1135 1471 1193 corpore

406 1204 736 1280 paroemiographorum
758 1209 827 1264 tom.
851 1205 866 1264 I
889 1224 956 1281 pag.
982 1206 1043 1264 223
1078 1211 1109 1264 et
1141 1206 1274 1282 Apostol.
1296 1206 1340 1264 IV
1366 1207 1406 1266 70
1429 1233 1469 1256 =

408 1312 533 1369 paroem.
573 1300 642 1353 torn.
675 1293 706 1352 ΙΙ
742 1312 808 1370 pag.
842 1295 905 1353 324
944 1313 1011 1352 curn
1043 1295 1280 1354 adnotationibus
1312 1294 1470 1354 Leutsohii.

408 1384 460 1456 46,
494 1383 511 1442 7
546 1381 596 1443 ε’πὶ
617 1380 676 1462 μὲν
707 1382 827 1443 τούτοιν
851 1383 882 1443 εἴ
909 1405 953 1450 τις
985 1382 1086 1451 οὕτως
1114 1383 1217 1454 οἴοιτο,
1244 1383 1403 1464 μαργίτης.
1435 1386 1470 1444 ci,

408 1473 538 1548 Apostol.
562 1472 604 1531 XI
630 1473 646 1532 7
673 1498 714 1522 =
739 1490 865 1548 paroem.
886 1472 916 1531 II
940 1473 1002 1532 517
1028 1473 1167 1548 (carmine
1183 1473 1339 1532 Homerico
1361 1473 1471 1532 factum

408 1567 461 1636 est,
490 1567 525 1620 ut
547 1561 689 1638 Margitae
717 1580 823 1620 nomen
850 1562 880 1620 in
903 1562 1050 1638 proverbii
1073 1563 1317 1622 consuetudinem
1341 1563 1470 1622 veniret:

407 1650 555 1727 Leutsch).

301 1741 378 1798 Plut.
414 1741 450 1798 de
485 1758 550 1816 cup.
587 1739 668 1799 divit.
713 1742 786 1814 367,
823 1741 862 1800 10
896 1739 916 1800 ἃ
950 1739 1024 1816 (scil.
1061 1739 1188 1821 φάλαρα
1224 1739 1297 1817 κτλ.)
1335 1739 1473 1820 μηδενὸς

408 1827 548 1909 ὁρῶντος
575 1877 605 1889 ..
634 1828 733 1896 ὄντως
755 1827 872 1908 τυφλὸς
895 1828 1024 1908 γίγνεται
1047 1827 1101 1890 καὶ
1128 1828 1267 1910 ἀφεγγὴς
1290 1829 1308 1891 ὁ
1330 1829 1471 1898 πλοῦτος.

408 1920 443 1978 of.
473 1919 577 1978 Macar.
607 1918 680 1977 VIII
709 1920 749 1978 60
779 1937 847 1978 curn
869 1919 935 1978 adn.
961 1946 1001 1969 =
1025 1937 1152 1996 puroern.
1180 1919 1212 1979 H
1236 1921 1298 1979 223
1323 1924 1352 1979 et
1380 1919 1472 1979 Theo-

408 2008 520 2084 phrasti
548 2008 660 2067 dictum
690 2009 752 2067 365
781 2010 807 2066 1.
840 2043 883 2051 -
916 2009 989 2082 362,
1021 2010 1059 2068 16
1091 2009 1120 2088 ἢ,
1154 2007 1302 2089 καθάπερ
1332 2007 1472 2088 λέγουσιν

408 2097 490 2177 (ἄχρι
514 2096 563 2173 ἂν)
587 2095 629 2164 εἷς
644 2095 662 2157 ὁ
677 2095 890 2177 πονηρότατος
913 2096 946 2157 ἒν
968 2103 1014 2177 τῷ
1029 2096 1107 2176 γένει
1123 2097 1290 2178 γενόμενος
1305 2098 1471 2179 καταφάγῃ

406 2208 443 2246 τα
466 2208 601 2247 παντων.

302 2275 371 2334 Ηο1.
401 2281 453 2334 sat.
481 2275 497 2334 I
522 2278 549 2350 1,
576 2277 615 2335 10
648 2276 702 2334 sub
727 2275 800 2350 palli
826 2281 946 2334 cautum
979 2302 1021 2326 =
1054 2275 1122 2336 Otto
1135 2275 1157 2353 1)
1191 2295 1213 2336 s.
1237 2297 1263 2336 v.
1287 2277 1418 2352 „gallus“
1444 2278 1471 2336 2.

410 2366 450 2425 20
475 2365 576 2423 ambos
598 2365 699 2423 murcos
721 2365 828 2439 iustum
851 2391 892 2415 =
917 2364 985 2424 Otto
1008 2367 1133 2439 ,‚buoca“
1158 2368 1186 2425 2.

409 2456 451 2513 43
475 2454 600 2530 sedique
622 2455 661 2512 ud
682 2473 779 2512 assem
802 2479 843 2504 =
868 2452 901 2513 Ο.
926 2457 993 2528 „as“
1018 2456 1046 2514 2.

412 2544 451 2602 62
481 2543 631 2618 Ooupostis
653 2543 784 2620 undiquc
806 2543 897 2602 succis

475 2633 625 2691 Ιιιιιιιιιι
647 2633 771 2691 tutum
957 2613 998 2638 ²
1023 2586 1055 2648 Ο·
1080 2588 1260 2664 1621332·

410 2723 450 2780 85
469 2722 560 2797 pueri
582 2726 667 2798 atquo
683 2721 799 2798 putto
822 2748 863 2772 =
889 2720 921 2782 Ο.
945 2724 1059 2798 ,‚puer.“

411 2812 450 2870 95
476 2810 554 2869 diues
575 2805 591 2892 J
619 2811 655 2870 Ut
676 2811 826 2869 metiretur
847 2830 989 2869 nummos
1013 2837 1055 2862 =
1079 2810 1112 2871 Ο.
1136 2812 1296 2886 ‚,modius“

412 2901 474 2959 110
498 2900 595 2958 alicua
617 2901 724 2976 capello
746 2905 826 2975 perot
849 2901 1005 2958 distentius
1027 2901 1097 2959 udor
1121 2928 1161 2952 =
1187 2901 1220 2961 Ο.
1244 2901 1391 2975 „alienus“
1419 2903 1444 2959 1.

391 2989 430 3047 Et
457 2989 625 3049 huiusmodi
654 2989 814 3048 Horatiana
839 2988 897 3048 alia
927 2995 1061 3048 sescenta
1093 2991 1124 3048 in
1156 2988 1272 3050 Ottonis
1303 2991 1474 3050 collectione

304 3078 499 3137 inveniuntur.

873 3178 911 3249 3.

393 3312 489 3388 Atque
530 3330 568 3370 ex
608 3311 655 3370 his
694 3311 813 3388 quidem
853 3311 998 3387 exemplis
1037 3329 1104 3369 cum
1144 3313 1216 3370 satis
1247 3311 1304 3369 iam
1336 3316 1475 3387 appareat

303 3400 486 3477 populariter
508 3400 624 3460 dicendi
647 3401 730 3474 ratio,
754 3400 874 3474 accedit,
899 3401 978 3476 quod
1002 3400 1090 3460 etiam
1111 3419 1176 3459 vera
1196 3401 1349 3477 proverbia
1364 3401 1393 3458 in
1412 3401 1474 3458 dia-

304 3490 387 3549 tribis
409 3507 468 3548 non
490 3508 554 3548 raro
578 3490 771 3565 occurrunt.²)

305 3578 366 3638 Tel.
385 3580 436 3654 32,
461 3581 479 3638 8
503 3579 558 3658 μία
584 3578 653 3658 γάρ,
677 3578 761 3658 φησί,
785 3575 918 3658 χελιδὼν
937 3578 993 3658 ἔαρ
1011 3577 1048 3638 οὐ
1065 3583 1152 3638 ποιεῖ.
1188 3578 1224 3637 cf.
1248 3578 1355 3636 Zenob.
1382 3578 1408 3635 V
1434 3579 1472 3636 12

411 3687 478 3727 cum
501 3669 566 3727 adn.
590 3694 631 3719 =
656 3686 782 3744 paroem.
807 3668 822 3727 I
848 3669 919 3728 120.

304 3758 381 3817 Plut
410 3758 446 3816 de
478 3763 592 3835 tranqu.
622 3757 695 3832 268,
727 3758 768 3816 26
797 3754 873 3816 ἀλλὰ
901 3755 1051 3823 πολλάκις
1079 3753 1231 3834 ἀκηκοὼς
1260 3755 1474 3835 μνημονεύεις,

411 3845 457 3915 ὡς
493 3846 562 3908 οὔτε
599 3844 763 3926 ποδάγρας
802 3843 981 3906 ἀπαλλάττει
1017 3844 1177 3925 πατρίκιος
1210 3844 1280 3905 οὔτε
1313 3843 1476 3913 δακτύλιος

410 3934 579 4016 πολυτελὴς
600 3934 804 4016 παρωνυχίας
828 3934 898 3995 οὔτε
927 3932 1064 4014 διάδημα
1093 3931 1309 4012 κεφαλαλγίας.
1335 3970 1375 3977 -
1402 3935 1474 4007 228,

332 4167 338 4178 ⁹
395 4093 415 4159 ¹)
439 4093 496 4147 Die
515 4091 730 4162 Sprichwdrter
758 4091 821 4145 und
841 4091 1034 4160 sprichwdrtl.
1054 4090 1261 4145 Redensarten
1292 4091 1344 4144 der
1366 4091 1475 4144 Rdmer

305 4165 384 4235 Lm·
395 4167 526 4301 6869311111
545 4237 578 4288 in
597 4235 763 4304 Menippeis
790 4234 896 4286 crebro
915 4237 995 4286 sunt.
1020 4233 1057 4285 cf.
1076 4232 1218 4286 Buechel.
1244 4231 1380 4286 Ραοτοα.8
1406 4249 1476 4301 pag.

309 4311 358 4359 128
379 4323 421 4376 sq.
442 4310 493 4358 249
513 4323 555 4376 sq.
575 4309 626 4358 252
646 4321 689 4375 sp.
709 4310 738 4358 ct
758 4304 897 4358 Ottonenr
917 4303 935 4355 l.
956 4320 980 4356 c.
999 4319 1070 4375 pag.
1089 4307 1151 4370 424,
1171 4307 1231 4366 432,
1251 4307 1311 4355 436.
1432 4377 1436 4389 Ι
