3216 5218
758 413 976 474 „20-

283 608 411 690 νοσώδη
446 613 556 689 φυγεῖν
583 608 642 689 μὲν
671 609 747 677 ἴσως
775 609 908 690 ἄριστον.
965 610 1077 670 Eadem
1112 611 1218 670 domus
1254 611 1323 670 vitia
1357 616 1451 687 postea

284 700 369 774 (334,
401 695 453 778 13)
483 700 697 758 transieumtur
724 699 753 757 in
781 699 924 758 affectus:
961 697 1026 759 ἐπεὶ
1055 699 1158 760 τοίνυν
1186 699 1247 779 ἔστι
1273 697 1339 760 τινὰ
1367 699 1450 780 πάλη

283 786 411 867 νοσώδη
440 786 493 848 καί
521 785 660 868 βλαβερὰ
688 786 741 848 καὶ
769 791 909 868 χειμῶνα
932 788 1109 868 παρέχοντα
1133 793 1170 869 τῇ
1193 796 1283 870 ψυχῇ
1306 787 1359 850 καὶ
1383 788 1451 850 σκό-

283 899 336 945 τος
357 877 422 939 κτλ.
457 877 490 935 In
525 878 628 936 eadem
661 877 785 936 diatriba
816 878 900 953 (349,
931 878 984 954 20)
1020 879 1138 937 verbum
1173 876 1412 959 τραχηλίζεσιλσι
1438 897 1452 938 ε

284 967 425 1042 Diogenis
457 967 535 1026 dicto
564 972 713 1043 receptum
742 967 772 1024 in
800 966 930 1026 curiosos
959 968 1142 1026 transfertur.
1197 967 1339 1027 Similiter
1370 968 1451 1027 etiam

284 1055 356 1114 dicit
382 1055 538 1131 Epictetus
566 1056 608 1114 IV
635 1058 662 1129 7,
693 1057 732 1115 23
758 1053 828 1134 ἐμοὶ
856 1049 1125 1136 δ’ἶσχυδοκιίρυόν
1153 1055 1231 1117 ε’στιν
1264 1055 1336 1133 (ευίΙ.
1365 1079 1451 1137 στρυ-

284 1144 397 1224 τηγείιι,
427 1143 575 1221 ὑπατεία),
604 1163 759 1221 puerorum
783 1144 951 1220 exemplum
976 1149 991 1218 ξ
1018 1146 1058 1203 22
1088 1152 1288 1221 comparatum
1313 1151 1453 1221 spectans.

842 1358 899 1431 12.

375 1510 471 1569 Etiam
505 1508 586 1567 illius
618 1508 839 1568 translationum
873 1508 989 1584 generis
1022 1509 1191 1584 cynicorum
1201 1508 1223 1585 1)
1250 1511 1368 1587 proprii,
1401 1530 1455 1589 quo

244 1589 251 1601 “
287 1600 426 1660 vocabula
455 1599 599 1677 quaedam
633 1597 689 1656 alio
725 1615 815 1656 seusu
843 1616 878 1656 ac
907 1598 997 1674 rulgo
1031 1606 1218 1675 usurpantur,
1253 1600 1295 1658 ita
1326 1606 1359 1659 ut
1393 1619 1455 1660 sen-

287 1689 396 1749 tentiae
420 1688 557 1762 evadant,
586 1705 660 1764 quae
688 1687 824 1746 dicuntur
847 1687 1020 1763 paradoxae,
1048 1688 1076 1745 in
1101 1688 1235 1748 diatribis
1258 1690 1393 1766 exempla
1417 1691 1456 1748 in-

288 1780 452 1838 veniuntur.
521 1776 650 1836 Pertinet
689 1777 748 1835 huc
786 1777 881 1852 ipsius
921 1776 1020 1835 Bionis
1054 1777 1251 1853 fragmentum
1284 1797 1301 1838 e
1335 1780 1456 1839 diatriba

286 1867 358 1949 περὶ
401 1865 543 1933 δουλείας
585 1865 746 1941 composita
787 1871 935 1924 servatum
973 1867 1050 1942 apud
1082 1865 1160 1926 Stob.
1191 1867 1255 1926 flor.
1285 1868 1316 1926 Π
1346 1871 1387 1928 38
1422 1871 1455 1928 Η.

288 1957 318 2019 οἶ
349 1955 466 2037 ἀγαθοὶ
506 1953 621 2016 οἰκέται
653 1953 821 2035 ἐλεύθεροι,
855 1954 886 2015 οἱ
918 1952 952 2015 δὲ
988 1954 1123 2037 πονηροὶ
1154 1955 1314 2037 ἐλεύθεροι
1352 1955 1456 2019 δοῦλοι

289 2045 432 2129 [πολλῶν
455 2040 659 2124 ἐπιθυμιῶνΙ.
694 2044 731 2103 cf.
755 2049 907 2121 praeterea
931 2044 1006 2103 Plut.
1035 2046 1071 2104 de
1094 2045 1159 2104 virt.
1184 2052 1214 2105 et
1237 2047 1287 2106 vit.
1313 2048 1386 2121 247,
1416 2051 1454 2107 20

287 2136 454 2218 τρυφήσεις
476 2133 509 2195 ἕν
532 2132 621 2212 πενίᾳ
644 2131 698 2194 καί
720 2131 916 2213 βασιλεύσεις.
963 2134 1076 2193 Muson.
1096 2137 1167 2208 754,
1186 2136 1226 2194 20
1252 2133 1303 2196 ὅτε
1325 2135 1457 2217 πραθεὶς

287 2223 350 2287 ὑπὸ
373 2229 437 2285 τῶν
459 2223 581 2304 λῃστῶν
604 2219 701 2302 ἦλθεν
721 2222 764 2290 εἷς
779 2220 941 2303 Κόρινθον
959 2219 1132 2303 (Διογένης)
1158 2269 1218 2299 ...,
1242 2223 1457 2306 ἐλευθεριώτε-

288 2337 345 2396 ρος
372 2312 465 2381 ἄλλος
491 2334 535 2380 τις
562 2312 581 2391 ἢ
606 2309 754 2391 Διογένης
776 2315 841 2372 τῶν
862 2309 929 2371 τότε
952 2310 1138 2392 ἀνθρώπων
1153 2310 1205 2392 ἦν;
1230 2313 1265 2381 ὃς
1281 2313 1334 2374 καί
1351 2313 1457 2377 Ξενιά-

289 2403 348 2465 dov
375 2407 430 2464 τοῦ
462 2400 637 2482 πριαμένου
669 2398 764 2461 αὐτὸν
797 2399 843 2468 ὡς
876 2398 1027 2480 δεσπότης
1060 2399 1176 2463 δούλου
1208 2399 1311 2483 ἦρχεν.
1373 2406 1456 2481 Apud

289 2493 443 2553 Horatium
470 2491 559 2550 huius
588 2489 628 2549 rei
657 2491 729 2549 satis
762 2490 854 2548 multa
886 2491 1022 2566 exempla
1054 2491 1245 2550 inveniuntur
1276 2493 1307 2551 in
1338 2494 1458 2553 alterius

289 2583 355 2643 libri
378 2588 431 2641 sat.
455 2582 473 2640 3
498 2587 529 2640 et
554 2582 581 2639 7.

378 2859 439 2918 Iam
467 2875 549 2931 vero,
582 2861 616 2914 ut
641 2855 678 2913 ad
705 2855 785 2913 aliud
819 2855 1042 2914 translationum
1070 2875 1165 2931 genus
1192 2863 1349 2929 transeam,
1382 2879 1459 2919 eom·

290 2948 476 3009 memoranda
507 2946 719 3004 abstractorum
749 2949 779 3002 et
810 2944 927 3003 omnino
960 2963 1057 3004 rerum
1093 2946 1286 3005 inanimarum
1320 2939 1460 3020 tractatio,

290 3058 364 3116 quae
387 3039 427 3096 ita
451 3053 537 3110 saepe
561 3039 746 3110 usurpantur,
769 3039 802 3092 ut
826 3034 958 3094 subiecta
980 3034 1098 3110 agentia
1113 3035 1187 3094 fiant
1201 3042 1231 3094 et
1246 3038 1316 3095 talia
1331 3039 1460 3114 epitheta

291 3129 326 3188 iis
350 3127 523 3197 tribuantur,
552 3141 627 3200 quae
649 3121 777 3198 alioquin
801 3123 934 3198 personis
962 3129 1074 3181 tantum
1098 3125 1218 3200 atliungi
1243 3126 1346 3185 solent.
1394 3128 1460 3187 Per·

289 3219 362 3276 tinet
385 3216 505 3293 quidem
528 3213 600 3272 hacc
623 3212 739 3271 dicendi
762 3212 926 3288 proprietas
949 3211 986 3270 ad
1009 3231 1200 3288 personarum
1217 3215 1374 3292 fictionis²l
1398 3217 1460 3275 sive

289 3305 518 3384 prosopopoeiae
541 3302 676 3378 figuram,
700 3320 788 3378 quam
806 3301 1045 3360 adhiberi'docet
1063 3302 1192 3362 Rutilius
1209 3303 1310 3380 Lupus
1333 3324 1399 3381 pag.
1420 3309 1457 3364 tu

291 3397 394 3462 Halm,
428 3413 496 3452 σιινιι
522 3409 667 3468 personas
697 3390 731 3448 ι’νι
759 3390 844 3448 robus
871 3391 1088 3463 υοιιείίίυίυιυε,
1125 3411 1198 3468 quoa
1228 3394 1293 3451 είνιε
1321 3396 1460 3468 personis

289 3490 370 3558 saut,
405 3490 457 3542 out
490 3499 592 3540 εονιιιιι
625 3479 793 3549 homiuum,
835 3479 888 3554 ηιιί
915 3479 1045 3555 summat,
1081 3485 1233 3556 ίυινιηιιοινι
1265 3483 1400 3550 oleorum
1435 3489 1460 3541 ct

284 3573 487 3651 praesentium
534 3571 679 3628 actionem
729 3587 924 3626 sormouemoc
966 3569 1174 3645 deformamus.
1226 3572 1263 3629 ct.
1302 3573 1460 3649 praecipue

291 3663 411 3738 Quintil.
440 3661 483 3721 IX
508 3661 536 3734 2,
561 3660 602 3718 29
627 3676 669 3734 sq.
705 3655 790 3730 Quod
813 3658 849 3715 ad
874 3658 1063 3733 philosophos
1086 3659 1200 3733 attinet,
1223 3660 1345 3735 primus,
1368 3681 1460 3738 quan-

290 3761 353 3813 tum
377 3753 446 3825 scio,
471 3767 544 3808 usus
567 3754 613 3807 est
628 3747 837 3823 prosopopoeia
853 3746 995 3805 Prodicus
1019 3748 1150 3823 sophista
1175 3749 1327 3808 notissima
1349 3751 1399 3808 illa
1423 3753 1461 3810 ‹le

292 3842 418 3901 Hercule
450 3836 651 3911 narratione,³)
684 3855 770 3913 quam
803 3846 1010 3894 commemorat
1042 3837 1130 3894 etiam
1158 3836 1357 3910 Quintilianus
1391 3841 1407 3899 l.
1436 3827 1463 3899 c*

380 4105 400 4173 ¹)
420 4104 452 4158 E.
471 4103 581 4158 Weber
600 4115 670 4171 pag.
692 4103 741 4151 138
760 4115 802 4168 sq.

380 4194 401 4263 ²)
421 4194 459 4248 ad
478 4193 609 4246 Herenn.
629 4189 668 4244 IV
688 4192 721 4241 66
741 4204 810 4258 pag.
831 4191 891 4256 371,
913 4191 924 4238 1
946 4188 984 4240 lll.
1005 4188 1114 4242 dicitur
1132 4188 1349 4257 conformatio.

380 4283 401 4354 8)
421 4285 458 4339 cf.
476 4282 612 4352 Xenoph.
630 4279 718 4334 Mem.
737 4279 766 4332 Il
787 4283 811 4347 l,
830 4280 861 4331 21
884 4293 928 4349 sq.
