3216 5218
789 455 1008 513 ...50-

401 649 644 708 Additamentum
668 650 797 709 continet
820 668 923 708 versus
947 651 984 708 de
1007 650 1049 708 ira
1072 650 1103 709 II
1128 653 1212 722 15,5
1237 652 1271 710 10
1293 652 1407 727 fricare
1430 699 1436 710 .
1456 699 1483 712 ..

312 737 492 813 carpentibus
514 739 705 796 iumuumielu
727 739 848 814 iupeuiu
870 743 950 810 suut,
974 745 1007 797 ut
1030 740 1072 798 uit
1089 745 1185 816 pecto,

681 865 813 923 „suoque
835 847 991 906 simillime
1014 847 1120 906 arelo.“

311 953 346 1010 cf.
370 953 407 1010 06
432 953 519 1012 Marc.
546 954 595 1027 21,
620 955 647 1012 5.
672 971 736 1030 epp.
761 955 812 1026 31,
838 955 887 1012 11.
913 955 964 1023 64,
988 957 1017 1012 4.

401 1059 605 1118 Pmceedentia
636 1078 722 1119 versu
748 1061 933 1119 declarantur
956 1079 1001 1136 ep.
1026 1063 1075 1133 99,
1101 1062 1119 1120 9
1148 1062 1206 1119 islo
1235 1067 1307 1120 uate
1329 1067 1399 1118 suut
1422 1061 1486 1118 iam

311 1153 444 1206 00000010
460 1149 588 1221 luuuriu,
614 1195 620 1206 .
639 1195 644 1206 .
663 1195 669 1206 .
693 1167 774 1206 semu
790 1168 846 1224 per
861 1149 1011 1224 desipuutu
1026 1156 1156 1208 enemente
1179 1155 1253 1208 ecrtu
1266 1169 1360 1208 mauu
1377 1151 1486 1208 trabem

312 1237 458 1310 scirtium·

496 1346 589 1400 „uum
608 1327 705 1402 primi
727 1328 829 1385 cuneis
851 1328 1018 1386 scindebant
1039 1329 1133 1404 fissile
1157 1329 1302 1403 iipuumf‘

311 1435 347 1492 cl.
372 1452 416 1510 ep.
442 1435 492 1508 95,
519 1436 567 1492 11.
596 1437 666 1508 106,
692 1437 721 1493 8.

399 1541 587 1600 Emmtiatum
620 1541 738 1617 aliquod
767 1559 854 1616 prosa
881 1542 1028 1618 inceptum
1054 1559 1141 1600 versu
1165 1541 1268 1600 finitur
1290 1542 1327 1600 dc
1351 1562 1377 1600 v.
1402 1544 1485 1601 beata

312 1631 362 1703 26,
388 1633 405 1688 5
430 1649 486 1688 uae
508 1631 565 1702 illc,
590 1631 706 1688 etiamsi
728 1649 790 1690 uon
814 1632 949 1703 tenuerit,

635 1737 775 1812 „mappis
799 1743 896 1795 tumeu
919 1739 1022 1796 eccidit
1045 1739 1160 1796 ausis“

399 2076 482 2149 Quod
496 2077 603 2135 attinet
619 2077 654 2134 ad
679 2073 760 2156 106ος
777 2077 965 2136 Homericum
990 2077 1036 2152 (cf.
1050 2095 1115 2152 pag.
1130 2077 1191 2152 28),
1215 2077 1349 2152 inprimis
1377 2077 1485 2151 dignus

309 2173 353 2224 est
380 2172 606 2224 commemoratu
635 2166 717 2224 locus
746 2167 795 2242 001
824 2166 933 2241 legitur
960 2167 996 2224 de
1020 2172 1132 2242 tmnqu.
1159 2167 1187 2230 2,
1219 2168 1267 2224 12.
1315 2166 1485 2224 illustratur

310 2256 386 2314 enim
428 2255 488 2314 illic
526 2256 678 2313 hominum
715 2245 910 2314 inconstantia
945 2255 1082 2330 exemplo
1120 2255 1259 2312 Achillis:
1301 2255 1398 2330 000110
1436 2256 1485 2312 ille

310 2345 483 2402 Homericus
496 2345 621 2402 Achilles
637 2349 687 2416 esi,
711 2345 796 2402 modo
807 2363 934 2419 000000,
947 2345 1032 2402 prinde
1045 2345 1183 2419 supinus
1207 2345 1242 2402 iu
1256 2345 1353 2401 curios
1368 2343 1485 2402 lechitus

308 2453 338 2490 se
361 2434 423 2508 ipse
446 2452 619 2509 conponam,
644 2433 722 2508 quod
740 2434 900 2508 propriant
923 2434 1063 2507 ceprieet,
1087 2433 1165 2491 uileil
1187 2433 1324 2508 eliuputi
1344 2439 1484 2490 0110010-

310 2523 438 2580 lionibus
461 2528 494 2580 ui
516 2523 653 2580 remediis
675 2523 729 2580 uli.
752 2556 792 2564 —-
818 2523 855 2580 60
878 2522 1033 2593 1001133,
1052 2525 1069 2581 5
1095 2523 1231 2580 laudatur
1247 2521 1390 2596 Priamus,
1414 2522 1485 2597 quia

309 2613 380 2670 irum
397 2612 566 2670 coercuerit.
613 2611 737 2686 Saepius
761 2611 857 2669 Ulixis
880 2612 1003 2670 affertur
1026 2611 1203 2687 exemplum.
1228 2611 1264 2668 01.
1288 2629 1353 2686 epp.
1379 2613 1428 2683 31,
1455 2613 1484 2668 2.

311 2704 428 2773 56,15.
456 2703 505 2775 66,
528 2702 577 2759 26.
605 2701 744 2774 12312.
769 2701 806 2758 de
829 2701 921 2759 benef.
946 2701 973 2757 V
999 2702 1049 2772 25,
1073 2701 1101 2758 4.

866 2907 933 2977 24.

397 3038 431 3096 10
461 3039 557 3114 priore
586 3039 682 3115 capite
711 3039 840 3095 vidimus
868 3043 1020 3113 poetarum
1051 3056 1152 3096 versus
1180 3039 1218 3095 06
1241 3038 1372 3096 ethicum
1396 3055 1482 3095 suum

309 3130 488 3204 propositum
521 3127 628 3186 relatos
655 3128 841 3202 interpretari
870 3128 972 3185 solitos
1000 3145 1065 3186 esse
1093 3127 1219 3200 cynicos,
1252 3127 1337 3184 cuius
1366 3145 1439 3184 usus
1469 3145 1486 3184 e

309 3218 440 3275 ‹lintrihis
471 3216 633 3292 compluria
664 3217 800 3292 exempla
828 3216 937 3292 protuli
970 3214 1018 3293 (cf.
1048 3235 1113 3291 pag.
1144 3217 1206 3291 28).
1258 3215 1384 3274 Eandem
1415 3234 1485 3273 vero

309 3305 547 3364 consuetudinem
581 3306 668 3363 etiam
702 3305 809 3365 Seneca
843 3311 962 3364 secutus
994 3312 1048 3363 est.
1109 3305 1285 3380 llxemplum
1316 3305 1405 3362 habes
1438 3323 1485 3380 ep.

277 3395 280 3400 '
312 3399 361 3467 95,
387 3397 436 3468 68,
465 3395 513 3454 051
539 3395 651 3470 Vergili
676 3395 805 3452 citantur
828 3413 932 3452 versus
955 3413 1065 3470 equum
1089 3413 1206 3469 pugnae
1234 3393 1351 3451 avidum
1376 3393 1486 3452 descri-

311 3485 417 3559 bentis,
442 3484 546 3543 deinde
570 3485 613 3542 sic
635 3485 784 3559 pergitur:
831 3485 915 3541 Dum
938 3484 1021 3540 uliud
1043 3484 1102 3557 epil
1133 3483 1276 3557 Verpilius
1299 3489 1405 3554 uester,
1437 3483 1485 3539 de-

308 3573 425 3650 scripsit
452 3574 550 3631 aarum
577 3573 683 3648 sertem
712 3592 786 3649 000.;
817 3592 862 3648 ep.
890 3574 960 3641 115,
986 3573 1024 3630 12
1055 3589 1097 3648 sq.
1126 3573 1328 3648 vituperantur
1350 3572 1486 3628 eurniiuu

305 3668 468 3738 poetarum,
493 3681 566 3738 quae
582 3662 741 3738 adfectibus
757 3663 867 3720 uostris
883 3662 977 3736 focem
992 3661 1126 3733 subdent,
1152 3662 1258 3736 quibus
1274 3661 1391 3718 diuitiae
1407 3661 1486 3717 uelut

308 3744 431 3810 unicum
454 3752 528 3809 uitae
551 3752 636 3810 deciis
659 3757 921 3826 ornamentumque
937 3751 1103 3808 laudentur.
1136 3750 1329 3808 Homileticae
1346 3768 1486 3807 versuum

309 3842 513 3917 explicationis
522 3841 658 3918 exempla
670 3849 821 3917 praeterea
831 3859 961 3916 propono
972 3841 1056 3899 haec:
1069 3841 1106 3898 de
1120 3840 1222 3898 brevit.
1237 3841 1265 3912 2,
1276 3841 1293 3896 2
1307 3857 1349 3915 sq.
1360 3840 1388 3911 9,
1400 3841 1428 3896 2.
1440 3857 1485 3914 00.

310 3933 347 3990 60
369 3932 412 3989 ira
428 3931 456 3989 11
476 3933 620 4006 11,400.
642 3931 678 3988 de
695 3931 788 3988 benef.
806 3929 849 3986 Vl
867 3931 895 4001 3,
915 3932 929 3987 1
949 3947 991 4005 sq.
1008 3947 1052 4005 ep.
1071 3930 1142 4000 168,
1159 3930 1198 3986 26
1217 3947 1259 4004 sq.
1281 3963 1317 3970 —
1337 3928 1373 3986 60
1389 3928 1486 3986 benef.

310 4022 323 4080 Ι
342 4024 359 4080 8
385 4039 427 4097 sq.
452 4026 559 4093 textuS,
583 4019 620 4076 de
641 4037 698 4095 quo
720 4019 1078 4092 1100110110000100,000
1101 4017 1227 4076 narratio
1252 4018 1289 4075 de
1313 4017 1431 4076 Socrate
1455 4022 1488 4074 et

310 4111 462 4168 Aeschine.
486 4127 531 4183 ep.
554 4109 581 4180 9,
607 4109 645 4166 19
672 4125 714 4184 sq.
746 4107 887 4182 Stilponis
907 4108 1101 4182 apoptlregma
1123 4107 1289 4164 homiletiee
1309 4105 1484 4181 explicatur.

399 4216 531 4291 Denique
558 4215 704 4273 mentione
733 4214 867 4290 inprimis
895 4214 984 4289 digna
1013 4220 1059 4272 est
1082 4213 1209 4276 homilia,
1237 4231 1312 4290 0000
1336 4212 1487 4270 invenitur

310 4324 355 4383 00.
390 4307 440 4374 89,
466 4306 505 4364 19
538 4323 580 4383 00.
627 4303 731 4382 Neque
763 4303 841 4363 enim
872 4303 940 4379 scio,
968 4322 1004 4362 an
1038 4303 1192 4381 quicquam
1221 4307 1328 4378 exstet,
1356 4301 1434 4380 quod
1468 4321 1488 4361 a
