3216 5218
629 448 849 505 ..31-

235 642 394 702 Brevitatis
418 642 516 700 studio
538 642 625 700 etiam
650 641 775 700 debetur
798 639 982 717 aafignra1)
1006 641 1034 698 in
1059 641 1191 701 diatribis
1212 642 1321 714 crebra,

147 751 204 808 qua
228 732 287 790 duo
311 733 442 790 membra
465 731 591 789 alicuius
615 731 767 804 enuntiati,
791 731 868 790 inter
888 749 963 807 quae
979 730 1074 805 logica
1089 731 1232 810 quaedam
1248 730 1321 788 ratio

147 821 333 898 (plerumque
366 820 576 879 condicionalis
610 820 656 879 vel
690 819 867 895 temporalis)
899 819 1028 891 interest,
1061 819 1103 878 ita
1134 825 1167 878 ut
1194 820 1321 878 alterum

146 909 232 968 alteri
270 911 459 970 subiunctum
493 910 542 983 sit,
580 915 729 986 tamquam
766 909 920 985 primariae
954 909 1113 968 sententiae
1145 906 1322 975 ἀσυνδέτως

146 999 229 1058 iuxta
253 1003 411 1075 ponantur:
444 999 505 1057 Tel.
530 1003 558 1072 0,
585 1000 624 1056 12
649 996 745 1068 εὐδία,
770 996 906 1078 γαλήνη·
930 1002 999 1064 ταῖς
1021 997 1146 1065 κώπαις
1168 996 1320 1060 πλέουσιν.

148 1090 199 1162 32,
225 1090 243 1147 2
267 1087 447 1168 πρεσβύτης
471 1086 594 1167 γέγονε·
619 1085 710 1148 πάλιν
734 1085 883 1166 ἐπιθυμεῖ
903 1084 941 1148 τὰ
958 1085 991 1146 έν
1005 1085 1135 1166 νεότητι.
1159 1088 1195 1147 01.
1213 1089 1263 1156 38,
1281 1088 1319 1144 12

149 1196 192 1254 sq.
217 1179 268 1251 39,
293 1180 311 1236 6
336 1195 379 1254 sq.
403 1177 481 1235 Plut.
504 1177 540 1236 de
563 1183 678 1253 tranqu.
704 1177 777 1250 215,
804 1178 852 1235 10.
897 1175 991 1253 Saepe
1014 1177 1137 1235 0110111111
1160 1178 1321 1236 membrum

147 1267 337 1343 imperativus
365 1272 429 1325 est:
458 1267 520 1325 Tel.
545 1269 574 1339 7,
598 1268 616 1326 3
647 1265 768 1344 ἄπορος
795 1263 885 1326 πάλιν
909 1264 1054 1344 γέγονας·
1078 1263 1123 1345 μὴ
1152 1265 1236 1345 ζήτει
1264 1262 1322 1344 τὴν

147 1360 205 1418 τοῦ
236 1354 374 1435 εὐπόρου
400 1354 528 1417 δίαιταν.
561 1356 596 1414 01.
623 1357 672 1427 10,
700 1358 725 1414 1.
757 1355 851 1430 llpict.
877 1354 918 1412 lV
944 1357 972 1428 7,
1005 1356 1053 1413 13.
1086 1356 1136 1414 23.
1168 1355 1237 1414 1101.
1269 1365 1322 1413 sat.

147 1445 162 1503 I
187 1447 215 1519 3,
239 1446 280 1504 49
305 1463 347 1522 sq.
378 1445 503 1503 Porcius
533 1445 579 1502 1110
608 1445 699 1503 uicit:
731 1444 815 1520 saepi
837 1444 951 1502 11110101
978 1462 1037 1520 eqs.
1075 1445 1111 1502 cf.
1135 1444 1220 1504 etiam
1246 1444 1321 1502 Plut.

147 1535 184 1594 de
209 1541 324 1611 tranqu.
350 1535 423 1608 228,
450 1537 466 1594 7
495 1560 536 1585 =
560 1534 597 1593 de
620 1533 687 1593 exil.
713 1535 786 1601 558,
813 1535 860 1593 10.

705 1707 767 1778 27.

239 1839 464 1899 Abundantia
496 1839 631 1915 inprimis
664 1839 792 1898 efficitur
823 1857 877 1897 usu
912 1857 1155 1914 synonymorum,
1188 1837 1239 1915 qui
1262 1843 1322 1896 tam

148 1928 249 2004 largus
281 1934 328 1988 est
359 1929 389 1988 in
421 1927 629 2001 (1111111518111
662 1947 750 1987 unum
784 1929 949 1988 alterumve
977 1928 1144 2004 exemplum
1176 1927 1323 1987 elibellis

148 2018 305 2095 praecipue
336 2038 353 2076 a
382 2037 428 2077 me
455 2019 585 2077 tractatis
612 2019 741 2095 prolerre
771 2024 816 2076 sat
839 2019 970 2078 habeam.
1021 2017 1105 2090 Quod
1129 2017 1167 2076 ad
1191 2017 1322 2076 Teletem

143 2108 285 2183 pertinet,
314 2107 454 2184 inspicias
478 2107 565 2166 velim
590 2107 766 2166 Muellerum
794 2107 813 2167 1.
837 2127 861 2166 c.
884 2127 950 2184 pag.
976 2111 1016 2167 05
1041 2126 1083 2184 sq.
1112 2107 1147 2166 cf.
1171 2112 1323 2183 praeterea

238 2197 315 2256 Plut.
349 2198 386 2256 de
418 2216 484 2273 cup.
513 2197 594 2255 divit.
629 2199 702 2270 357,
739 2199 776 2255 13
811 2201 950 2276 συνεχῶς
982 2195 1035 2257 καὶ
1064 2195 1108 2275 μὴ
1132 2194 1322 2274 παυόμενον.

150 2287 225 2358 357,
257 2289 295 2346 13
326 2284 431 2366 ἐνδεὴς
460 2285 513 2346 καὶ
540 2285 671 2365 ἄπορος.
704 2287 741 2345 de
768 2292 883 2363 tranqu.
913 2288 986 2358 211,
1012 2288 1030 2343 4
1062 2283 1323 2363 πολιτευομένους

149 2373 204 2436 καὶ
226 2374 426 2454 πράσσοντας
449 2372 488 2437 τά
512 2374 610 2442 κοινά.
636 2376 742 2448 220,1
769 2374 985 2455 συνάχθεσθαι
1000 2373 1053 2435 καὶ
1069 2379 1322 2453 συναγανακτεῖν.

150 2464 187 2522 de
216 2465 283 2523 exil.
314 2466 387 2538 550,
416 2466 433 2522 2
463 2464 625 2544 παρόντας
652 2463 823 2544 ὠφελίμως
850 2463 903 2524 καὶ
930 2463 1139 2544 βοηθοῦντας.
1179 2465 1251 2532 570,
1282 2465 1320 2522 11

151 2551 188 2614 οὐ
213 2551 271 2634 γὰρ
296 2553 325 2617 οῖ
346 2551 507 2633 μαθόντες
530 2549 602 2616 οὐδ’
628 2552 832 2633 ἐπιστάμενοι.
859 2557 931 2621 555,
956 2555 995 2613 23
1022 2550 1163 2628 ε”οκόλως
1185 2551 1239 2614 καὶ
1255 2552 1323 2614 ἱλα-

152 2646 227 2721 ρῶς.
251 2645 288 2702 de
312 2643 415 2702 curios.
434 2646 508 2717 337,
533 2645 573 2703 23
598 2641 638 2705 τὰ
661 2641 866 2722 κρυπτόμενα
882 2641 935 2703 καὶ
950 2641 1157 2705 λανθάνοντα.
1183 2644 1256 2716 350,
1282 2644 1321 2701 22

149 2730 403 2812 λοιδορουμένων
434 2731 487 2792 καὶ
510 2736 622 2808 κακῶς
644 2730 806 2810 λεγόντων.
837 2733 931 2808 Epict.
955 2733 1000 2790 Ill
1026 2734 1076 2804 26,
1100 2734 1140 2790 25
1165 2731 1325 2811 ἄχρηστον

150 2819 204 2880 καὶ
227 2819 383 2902 ἀνωφελῆ.
408 2822 449 2880 IV
472 2824 558 2895 7,10
582 2820 772 2892 κωλύεσθαι,
797 2820 1030 2900 ἐμποδίζεσθαι.
1055 2822 1257 2893 Μ118011.749,
1284 2822 1323 2879 19

150 2909 266 2989 ἄφρων
288 2909 341 2971 καὶ
364 2909 506 2990 ἀνόητος.
539 2912 609 2970 Ηο1.
627 2917 680 2970 sat.
697 2911 711 2969 Ι
728 2913 756 2985 3,
775 2913 815 2970 85
832 2912 978 2982 insuavis,
1002 2911 1127 2969 acerbas.
1152 2909 1180 2968 ll
1206 2913 1235 2984 3,
1261 2911 1321 2970 107

150 2999 261 3058 deliras
283 3006 308 3058 et
331 3019 442 3058 carrena.

240 3089 375 3148 Fortasse
403 3091 458 3148 1100
487 3091 550 3148 1000
578 3089 799 3148 commemorari
828 3095 925 3165 potest
953 3088 1026 3148 ratio
1054 3089 1105 3146 illa
1132 3089 1163 3148 in
1191 3088 1324 3148 diatribis

53 3205 58 3212 ·
152 3179 322 3254 saepissime
346 3179 437 3252 obvia,
465 3179 594 3255 aliquam
618 3179 795 3237 sententiam
818 3179 995 3248 affirmative
1015 3177 1207 3254 exprimendi,
1236 3178 1325 3236 simul

152 3285 219 3326 vero
249 3268 427 3326 contrarium
456 3269 591 3343 negandi.
652 3268 743 3327 Cuius
776 3268 819 3326 rei
853 3267 992 3332 nonnulla
1023 3267 1161 3343 exempla
1192 3269 1324 3344 proxime

151 3358 257 3415 absunt
288 3377 305 3415 a
338 3358 511 3432 synonymis
544 3357 625 3417 velut
656 3357 718 3415 Tel.
753 3358 803 3431 22,
838 3360 856 3416 8
890 3350 918 3419 εἰ
950 3354 985 3416 δὲ
1007 3353 1051 3436 μὴ
1075 3354 1182 3436 τύχοις
1206 3351 1325 3436 χθονὸς

151 3444 313 3525 πατρῴας,
335 3442 404 3507 ἀλλ’
422 3445 471 3506 ἐπὶ
487 3445 576 3526 ξένης
596 3445 733 3526 ταφείης.
757 3447 793 3504 01.
816 3447 866 3520 23,
893 3448 919 3505 1.
944 3447 995 3520 23,
1014 3449 1040 3505 7.
1064 3445 1141 3504 Ρ1111.
1158 3446 1194 3503 de
1209 3452 1323 3522 tranqu.

153 3536 226 3608 213,
261 3537 309 3595 19.
349 3537 421 3608 220,
457 3538 505 3595 17.
580 3536 719 3595 Pluribus
753 3535 827 3594 locis
858 3533 1013 3598 ἀντιθέσει
1044 3535 1171 3611 quadam
1203 3535 1263 3593 acri
1295 3540 1325 3593 et

152 3624 391 3700 perspicuitatem
432 3625 580 3684 efficiente
620 3625 664 3683 vis
705 3625 841 3683 orationis
874 3631 999 3700 augetur
1031 3624 1112 3682 velut
1143 3622 1203 3683 Tel.
1238 3626 1266 3698 6,
1305 3627 1323 3683 6

153 3708 275 3793 ἀνιάσῃ,
304 3713 363 3794 οὐχ
391 3709 453 3776 ὑπὸ
481 3718 549 3775 τῶν
576 3713 776 3793 πραγμάτων
800 3711 869 3772 ἀλλ’
896 3708 957 3776 ὑπὸ
980 3716 1047 3774 τῶν
1071 3706 1162 3774 ἰδίων
1185 3710 1324 3792 τρόπων.

152 3801 188 3860 cf.
206 3803 300 3879 Epict.
324 3804 463 3862 enchirid.
488 3823 550 3880 cap.
576 3807 593 3862 5
619 3802 766 3881 ταράσσει
791 3800 864 3878 τοὺς
887 3801 1081 3882 ἀνθρώπους
1104 3801 1141 3863 οὐ
1168 3799 1204 3864 τὰ
1223 3800 1323 3882 πράγ-

152 3913 250 3970 ματα,
274 3889 351 3953 ἀλλὰ
374 3891 413 3953 τὰ
435 3892 506 3973 περὶ
529 3896 595 3954 τῶν
618 3890 817 3972 πραγμάτων
841 3890 994 3971 δόγματα.
1027 3892 1089 3950 Tel.
1115 3894 1143 3964 0,
1170 3894 1186 3950 7
1212 3889 1260 3953 δεῖ
1279 3889 1323 3971 μὴ

153 3978 193 4041 τὰ
219 3979 391 4060 πράγματα
418 3981 586 4061 πειρᾶσθαι
617 3980 828 4060 μετατιθέναι,
856 3975 920 4041 ἀλλ’
951 3975 1048 4042 αὑτὸν
1075 3976 1324 4059 παρασκευάσαι.

155 4072 205 4144 31,
239 4073 257 4128 2
292 4069 329 4133 οὐ
362 4071 522 4143 σπανίζων
549 4117 556 4130 .
581 4117 587 4130 .
620 4068 694 4134 οὐδὲ
718 4068 824 4150 ἐνδεὴς
854 4069 909 4144 ὤν,
940 4059 1001 4129 αλλ
1032 4067 1229 4149 ἀρκούμενος
1260 4074 1326 4146 τοῖς

246 4246 265 4312 ¹)
284 4246 425 4317 Egeruut
446 4247 483 4300 de
509 4263 546 4300 ea
572 4246 603 4301 0.
629 4247 677 4300 rr.
704 4247 858 4301 Hermann
888 4247 948 4300 ind.
973 4247 1065 4302 schol.
1092 4246 1228 4317 Gotting.
1253 4253 1325 4300 aest.

156 4319 227 4371 armi
249 4322 317 4370 1850
336 4323 366 4373 et
385 4319 421 4372 H.
440 4319 478 4373 de
497 4319 623 4372 Mueller
641 4319 661 4371 l.
681 4335 706 4372 0.
725 4335 796 4390 pag.
816 4322 931 4370 09-70.
1148 4323 1154 4336 “
