3216 5218
601 461 820 527 -57-

129 663 292 722 adhibitum
320 681 385 722 esse
408 669 492 722 antea
516 663 690 735 vidimus:¹)
718 663 911 744 κυβερνήτης
940 660 999 742 μὲν
1023 661 1093 722 οὔτε
1116 661 1149 722 ἕν
1171 659 1301 741 μεγάλῳ

129 751 231 832 πλοίῳ
255 752 324 812 οὔτε
347 752 380 813 ἐν
395 759 502 832 μικρῷ
517 753 678 822 ναυτιάσει,
703 754 733 814 οῖ
757 752 785 813 δ’
811 753 931 831 ἄπειροι
955 752 988 813 ἐν
1004 751 1142 832 ἀμφοῖν·
1167 749 1302 817 οὕτωςὸ

129 840 189 922 μὲν
213 840 459 921 πεπαιδευμένος
482 841 535 902 καὶ
558 842 591 902 ἒν
608 842 735 922 πλούτῳ
759 841 812 903 καὶ
831 842 863 902 ἒν
881 841 970 920 πενίᾳ
989 840 1027 902 οὐ
1046 839 1220 920 ταράττεται
1239 837 1301 900 κτλ.

131 931 308 989 Animalium
341 933 520 990 consuetudo
554 934 589 990 ab
613 932 746 992 Aristone
776 936 959 1008 comparatur
988 931 1018 989 iu
1049 930 1177 1005 gnomol.
1208 929 1301 987 Vatic.

132 1027 165 1086 nt>
191 1022 266 1078 120:
286 1018 327 1080 ’A
352 1019 369 1080 ὁ
394 1019 569 1099 φιλόσοφος
591 1019 662 1088 τοὺς
685 1021 853 1088 πλουσίους
884 1019 937 1080 καὶ
967 1017 1143 1099 φειδωλοὺς
1173 1017 1303 1098 ὁμοίους

132 1109 248 1188 ἔφησεν
272 1107 425 1176 εἶναιτοῖς
448 1109 589 1189 ἡμιόνοις
605 1109 666 1170 κτλ.
690 1112 758 1170 item
774 1129 932 1186 puerorum
953 1110 1030 1185 apud
1047 1109 1113 1168 Seu.
1129 1127 1174 1184 ep.
1194 1109 1265 1181 115,
1284 1109 1301 1165 8

131 1199 202 1274 ιμιίδ
228 1217 293 1273 erpo
321 1199 396 1256 inter
423 1219 478 1256 nos
508 1205 534 1256 et
556 1201 622 1258 ι’ίίοε
652 1200 724 1275 (scil.
749 1201 865 1276 pueros)
895 1200 1022 1269 inlucet,
1052 1204 1084 1256 ui
1106 1198 1229 1256 Ariston
1252 1196 1302 1267 aar,

133 1288 196 1345 nist
225 1289 300 1363 φωτί
329 1307 384 1346 rios
414 1289 488 1346 οιίοα
522 1290 633 1346 tabulas
663 1295 689 1346 et
717 1295 830 1347 statuas
858 1289 1029 1346 insanimus
1060 1287 1159 1344 curias
1187 1286 1304 1361 direpti?

134 1376 209 1450 Quin
241 1377 329 1436 etiam
365 1378 444 1452 ipsae
474 1379 617 1454 quaedam
653 1379 883 1454 comparationes
914 1378 1038 1435 Bioneae
1072 1377 1107 1434 ad
1140 1377 1304 1433 Aristonem

134 1467 318 1524 transierunt.
371 1466 460 1524 Velut
488 1467 639 1525 histrionis
668 1468 861 1525 similitudine
884 1467 1050 1525 Aristonem
1079 1483 1195 1541 quoque
1219 1482 1305 1521 usum

133 1573 197 1613 esse
221 1561 343 1614 testatur
366 1555 449 1630 Diog.
477 1557 570 1614 Laert.
597 1556 654 1614 Vll
676 1558 745 1615 160.
776 1557 910 1614 Aristone
943 1561 1061 1614 auctore
1091 1555 1179 1612 etiam
1200 1553 1305 1611 Rionea

134 1643 183 1701 illa
214 1645 250 1702 de
282 1646 378 1719 procis
409 1645 572 1720 Penelopes
603 1646 777 1721 comparatio
808 1647 914 1704 tradita
944 1651 991 1703 est
1020 1644 1099 1720 apud
1130 1643 1209 1702 Stoh.
1241 1642 1304 1700 flor.

90 1797 92 1801 ,
135 1733 177 1790 lV
192 1733 306 1804 109Η,
325 1735 403 1810 qnod
416 1735 621 1807 testimonium,
639 1735 751 1810 siquid
768 1735 870 1808 sentio,
886 1753 919 1792 ea
935 1753 967 1792 re
984 1752 1043 1791 non
1058 1733 1211 1802 refutatur,
1228 1731 1305 1807 quod

136 1823 239 1880 eadem
263 1824 438 1898 comparatio
461 1824 548 1882 etiarn
572 1825 724 1900 Aristippo
747 1825 923 1882 adscribitur
946 1823 1039 1897 (Diog.
1065 1823 1160 1880 Laert.
1175 1821 1202 1878 ΙΙ
1221 1821 1306 1892 7912)

224 1912 378 1970 Praeterea
409 1914 531 1970 eandem
561 1914 701 1971 rationem
733 1933 789 1989 qua
819 1914 848 1970 in
878 1913 1010 1970 diahibis
1041 1911 1207 1986 philosophi
1241 1927 1306 1967 sen-

136 2000 245 2058 tentiae
278 2002 412 2060 versibus
433 2003 653 2074 confirmantur,
689 2003 766 2060 sicut
784 2002 906 2076 Teletis
923 2008 953 2060 et
983 2001 1133 2059 Plutarchi
1163 1999 1307 2074 exemplis

136 2090 221 2147 doctu
247 2108 312 2165 pag.
339 2092 388 2164 27,
413 2093 499 2149 etiam
525 2092 604 2166 apud
628 2093 796 2150 Aristonem
821 2091 1039 2166 deprendimus.
1063 2090 1099 2148 cf.
1117 2089 1206 2148 Clem.
1222 2088 1307 2146 Alex.

135 2179 240 2238 Strom.
265 2180 295 2237 H
320 2181 380 2238 108
406 2179 483 2240 ὅθεν
498 2179 544 2246 ὡς
559 2179 660 2258 ἔλεγεν
672 2178 828 2259 Ἀρίστων,
852 2178 933 2258 πρὸς
953 2179 1027 2239 ὅλον
1042 2177 1077 2238 τὸ
1091 2175 1308 2256 τετράχορδον,

135 2265 262 2347 ἡδονήν,
289 2267 399 2348 λύπην,
428 2267 540 2348 φόβον,
569 2268 747 2348 ε’πιδυμίοιν,
776 2267 892 2349 πολλῆς
921 2267 969 2329 δεῖ
991 2274 1045 2348 τῆς
1068 2267 1233 2347 ἀσκήσεως
1256 2263 1308 2325 καὶ

134 2355 247 2436 μάνης·

352 2441 447 2523 ςοὗτοι
471 2447 538 2526 γάρ,
563 2443 648 2507 οὗτοι
671 2447 724 2508 καὶ
748 2446 797 2507 διὰ
822 2446 1009 2526 σπλάγχνων
1032 2447 1095 2506 ἔσω

350 2540 490 2614 χωροῦσι
513 2535 567 2597 καὶ
586 2541 726 2597 κυκῶσιν
750 2536 936 2615 ἀνθρώπων
959 2535 1053 2614 κέαρῖ

226 2623 423 2682 Confirmatnr
435 2626 582 2685 Aristonei
599 2626 659 2684 stili
676 2633 706 2684 et
723 2627 822 2684 Bionei
838 2627 966 2684 affinitas
982 2624 1114 2683 nonnihil
1130 2625 1219 2682 etiam
1234 2623 1310 2696 frag-

138 2719 234 2771 mento
266 2714 345 2787 apud
375 2714 473 2789 ipsum
502 2715 643 2773 Senecam
674 2721 785 2774 servato
818 2734 862 2791 ep.
896 2717 949 2788 94,
986 2715 1103 2772 5-17.
1157 2712 1310 2770 Inducitur

138 2802 256 2878 quidem
288 2802 361 2859 illud
395 2804 492 2862 verbis
529 2805 588 2872 Qui
619 2805 694 2862 hunc
720 2810 836 2880 parturn
866 2805 938 2879 (scil.
962 2803 1189 2878 praeceptivam)
1219 2801 1311 2858 uideri

137 2892 238 2948 υοίιυιί
260 2911 470 2966 sapervacuum
494 2894 546 2951 ίιοο
568 2895 654 2951 attint
676 2912 736 2969 eqs.
769 2894 826 2952 Sed
851 2893 943 2968 ipsius
962 2892 1108 2950 Aristonis
1132 2909 1198 2948 esse
1222 2891 1311 2948 verba

137 2985 220 3038 extra
244 2977 455 3039 dubitationem
478 2982 598 3058 ponitur
621 2984 754 3040 eiusdem
776 2982 919 3058 epistulae
936 2981 1127 3058 paragraphis
1152 2981 1169 3037 2
1187 2986 1218 3038 et
1237 2978 1310 3053 183)

138 3068 200 3140 Quo
223 3070 253 3126 in
276 3070 438 3144 fragmento
462 3072 549 3129 ctiam
570 3073 734 3144 singulares
754 3091 822 3130 cum
839 3072 946 3130 Bionea
962 3071 1086 3128 diatriba
1103 3069 1311 3127 similitudines

139 3159 328 3216 inveniuntur
352 3160 423 3217 satis
447 3161 563 3218 multae.

228 3248 332 3324 Itaque
364 3254 379 3321 ξ
413 3252 430 3306 5
463 3250 597 3308 absolute
627 3251 778 3308 inducitur
807 3249 978 3324 cxemphun
1011 3250 1057 3317 (cf.
1086 3248 1173 3306 etiam
1203 3252 1218 3320 ξ
1251 3246 1311 3321 17),

138 3337 222 3394 cuius
250 3339 345 3412 imago
378 3339 409 3395 iu
436 3339 472 3395 iis
500 3358 574 3414 quae
602 3344 773 3414 sequuntur,
804 3339 958 3396 retinetur:
993 3338 1027 3396 st
1054 3337 1124 3412 φιίιί
1151 3336 1242 3394 oculis
1265 3336 1312 3392 oh-

133 3426 265 3500 positam
297 3432 430 3484 uunutnr
458 3429 557 3498 (irioni,
591 3429 797 3485 rernoucndum
825 3433 873 3485 est.
903 3473 908 3484 .
938 3473 943 3484 .
975 3473 981 3484 .
1012 3427 1121 3484 Εοιίονιι
1149 3425 1234 3482 modo
1262 3424 1313 3481 ott

139 3515 237 3590 σίίηιιο
259 3536 305 3574 ros
328 3517 453 3574 obcaecat
476 3518 614 3573 ωιιυιιιυι
637 3535 698 3592 eqs.
735 3518 789 3575 Cui
819 3517 882 3574 loco
906 3516 1055 3573 simillima
1084 3515 1211 3590 legimns
1234 3514 1312 3589 apud

141 3604 209 3661 Hor.
234 3624 279 3680 cp.
304 3607 318 3663 l
343 3608 371 3671 2,
397 3608 436 3664 37
468 3607 547 3662 Νοιιι
570 3625 622 3662 cur
650 3607 729 3673 Quos
753 3607 870 3664 ίαυιίιαιί
897 3605 1014 3662 acatium
1037 3605 1162 3678 festinas
1186 3603 1312 3674 ιίσυιονυ,

139 3694 167 3750 si
189 3694 259 3768 φιλλ
276 3695 328 3752 nst
351 3697 499 3766 orrannum,
523 3695 622 3770 differs
644 3696 769 3752 ουνωιιίί
792 3700 904 3770 ίυυηιιιε
927 3695 961 3750 ιἰι
984 3695 1126 3750 αιτιιιιιιιὲ
1152 3697 1167 3765 ᾖ
1187 3695 1204 3750 6
1230 3691 1313 3749 cotti-

233 3831 249 3894 ¹)
270 3830 486 3886 Gubernatoris
498 3833 667 3900 exemplum
679 3834 769 3885 etiarn
780 3834 810 3884 in
822 3832 982 3885 comoediis
993 3832 1132 3884 lubenter
1140 3834 1315 3898 usurpatur.

141 3904 176 3954 cf.
206 3903 349 3956 Bliimner
378 3906 395 3956 l.
427 3922 450 3957 o.
479 3922 549 3974 pag.
578 3908 635 3972 166,
682 3905 712 3957 id
750 3904 829 3972 quod
862 3905 893 3954 in
931 3904 1026 3956 altero
1061 3903 1158 3970 capite
1194 3916 1314 3954 monere

141 3975 272 4043 neglexi.

231 4045 251 4110 ²)
271 4045 320 4099 Sic
338 4048 416 4099 enim
436 4049 550 4100 indicat
569 4048 671 4100 Hense
691 4047 721 4098 in
744 4046 812 4098 adn.
833 4045 871 4098 ad
891 4044 1011 4098 Stobaei
1032 4045 1130 4097 locum
1146 4045 1279 4096 citatum.

232 4116 250 4181 ³)
271 4117 404 4170 Mutasse
424 4117 568 4171 Senecam
595 4119 743 4172 Aristonis
770 4118 863 4170 verba
882 4117 931 4169 vel
952 4118 981 4168 iu
1002 4117 1177 4169 universum
1198 4120 1315 4167 tautum

141 4188 307 4241 reddidisse
333 4191 398 4241 eius
422 4191 596 4257 sententias,
625 4189 698 4242 nihil
726 4195 771 4241 est
805 4188 885 4257 quod
912 4188 1078 4240 credamus.
1117 4187 1209 4238 Immo
1234 4189 1315 4238 totus

142 4260 225 4312 locus
254 4260 433 4313 Aristoncus
462 4264 515 4326 cst,
544 4262 574 4313 id
603 4261 683 4330 quod
711 4261 904 4329 cognoscitur
931 4260 1021 4312 etiam
1051 4275 1087 4311 ex
1117 4259 1201 4310 initio
1231 4272 1315 4325 para-

142 4332 251 4400 graphi
272 4335 312 4382 18.
