<?xml version="1.0" encoding="UTF-8"?>
<!DOCTYPE html PUBLIC "-//W3C//DTD XHTML 1.0 Transitional//EN"
    "http://www.w3.org/TR/xhtml1/DTD/xhtml1-transitional.dtd">
<html xmlns="http://www.w3.org/1999/xhtml" xml:lang="en" lang="en">
 <head>
  <title>
</title>
<meta http-equiv="Content-Type" content="text/html;charset=utf-8" />
  <meta name='ocr-system' content='tesseract 3.04.00' />
  <meta name='ocr-capabilities' content='ocr_page ocr_carea ocr_par ocr_line ocrx_word'/>
</head>
<body>
  <div class='ocr_page' id='page_1' title='image "./desenecaephilos00webegoog_0059.png"; bbox 0 0 3216 5218; ppageno 0'>
   <div class='ocr_carea' id='block_1_1' title="bbox 775 449 994 508">
    <p class='ocr_par' dir='ltr' id='par_1_1' title="bbox 775 449 994 508">
     <span class='ocr_line' id='line_1_1' title="bbox 775 449 994 508; baseline 0 -18"><span class='ocrx_word' id='word_1_1' title='bbox 775 449 994 508; x_wconf 61' lang='lat'>„52-</span> 
     </span>
    </p>
   </div>
   <div class='ocr_carea' id='block_1_2' title="bbox 295 767 1471 2004">
    <p class='ocr_par' dir='ltr' id='par_1_2' title="bbox 295 767 1471 2004">
     <span class='ocr_line' id='line_1_2' title="bbox 387 767 1471 843; baseline -0.002 -16"><span class='ocrx_word' id='word_1_2' title='bbox 387 769 449 827; x_wconf 83' lang='lat' dir='ltr'>Iam</span> <span class='ocrx_word' id='word_1_3' title='bbox 473 787 540 828; x_wconf 89' lang='lat' dir='ltr'><em>vero</em></span> <span class='ocrx_word' id='word_1_4' title='bbox 564 769 721 828; x_wconf 84' lang='lat' dir='ltr'><em>dicendum</em></span> <span class='ocrx_word' id='word_1_5' title='bbox 745 769 782 826; x_wconf 87' lang='lat' dir='ltr'>de</span> <span class='ocrx_word' id='word_1_6' title='bbox 806 767 942 826; x_wconf 80' lang='lat' dir='ltr'><strong>dictionis</strong></span> <span class='ocrx_word' id='word_1_7' title='bbox 963 767 1113 826; x_wconf 80' lang='lat' dir='ltr'><em>brevitate.</em></span> <span class='ocrx_word' id='word_1_8' title='bbox 1143 767 1268 826; x_wconf 79' lang='lat' dir='ltr'><strong>Exstant</strong></span> <span class='ocrx_word' id='word_1_9' title='bbox 1291 768 1382 842; x_wconf 81' lang='lat' dir='ltr'><strong>igitur</strong></span> <span class='ocrx_word' id='word_1_10' title='bbox 1404 787 1471 843; x_wconf 86' lang='lat' dir='ltr'><em>per-</em></span> 
     </span>
     <span class='ocr_line' id='line_1_3' title="bbox 298 855 1470 933; baseline 0 -17"><span class='ocrx_word' id='word_1_11' title='bbox 298 857 398 916; x_wconf 83' lang='lat' dir='ltr'>multis</span> <span class='ocrx_word' id='word_1_12' title='bbox 414 858 487 917; x_wconf 86' lang='lat' dir='ltr'><em>loeis</em></span> <span class='ocrx_word' id='word_1_13' title='bbox 502 859 651 916; x_wconf 85' lang='lat' dir='ltr'>nominum</span> <span class='ocrx_word' id='word_1_14' title='bbox 663 859 879 933; x_wconf 88' lang='lat' dir='ltr'><em>verborumque</em></span> <span class='ocrx_word' id='word_1_15' title='bbox 896 857 1039 931; x_wconf 80' lang='lat' dir='ltr'><em>asyndeta</em></span> <span class='ocrx_word' id='word_1_16' title='bbox 1048 855 1069 931; x_wconf 83' lang='lat'>1)</span> <span class='ocrx_word' id='word_1_17' title='bbox 1085 857 1131 933; x_wconf 85' lang='grc'>(51.</span> <span class='ocrx_word' id='word_1_18' title='bbox 1145 875 1210 932; x_wconf 85' lang='lat' dir='ltr'><em>pag.</em></span> <span class='ocrx_word' id='word_1_19' title='bbox 1224 859 1289 930; x_wconf 84' lang='lat'>30):</span> <span class='ocrx_word' id='word_1_20' title='bbox 1303 858 1340 915; x_wconf 91' lang='lat' dir='ltr'>de</span> <span class='ocrx_word' id='word_1_21' title='bbox 1356 858 1470 932; x_wconf 87' lang='lat' dir='ltr'><em>pravid.</em></span> 
     </span>
     <span class='ocr_line' id='line_1_4' title="bbox 298 946 1470 1022; baseline -0.001 -18"><span class='ocrx_word' id='word_1_22' title='bbox 298 950 327 1021; x_wconf 99' lang='lat'>4,</span> <span class='ocrx_word' id='word_1_23' title='bbox 352 950 368 1006; x_wconf 94' lang='lat'>7</span> <span class='ocrx_word' id='word_1_24' title='bbox 394 947 524 1019; x_wconf 84' lang='lat' dir='ltr'><em>ludurut,</em></span> <span class='ocrx_word' id='word_1_25' title='bbox 548 946 732 1022; x_wconf 80' lang='lat' dir='ltr'><em>reeapuasalt,</em></span> <span class='ocrx_word' id='word_1_26' title='bbox 757 951 868 1004; x_wconf 82' lang='lat' dir='ltr'><em>eaereet.</em></span> <span class='ocrx_word' id='word_1_27' title='bbox 900 948 964 1019; x_wconf 89' lang='lat'>6,4</span> <span class='ocrx_word' id='word_1_28' title='bbox 989 947 1092 1003; x_wconf 78' lang='lat' dir='ltr'><em>miseri</em></span> <span class='ocrx_word' id='word_1_29' title='bbox 1114 951 1193 1018; x_wconf 78' lang='grc'>5551,</span> <span class='ocrx_word' id='word_1_30' title='bbox 1217 947 1338 1018; x_wconf 75' lang='grc'>555511,</span> <span class='ocrx_word' id='word_1_31' title='bbox 1363 951 1470 1021; x_wconf 81' lang='lat' dir='ltr'><em>turpes,</em></span> 
     </span>
     <span class='ocr_line' id='line_1_5' title="bbox 297 1035 1468 1111; baseline -0.001 -18"><span class='ocrx_word' id='word_1_32' title='bbox 297 1037 335 1094; x_wconf 73' lang='lat' dir='ltr'>acl</span> <span class='ocrx_word' id='word_1_33' title='bbox 350 1036 577 1094; x_wconf 77' lang='lat' dir='ltr'><em>sirm&#39;lr&#39;lurllaem</em></span> <span class='ocrx_word' id='word_1_34' title='bbox 587 1037 738 1111; x_wconf 73' lang='lat' dir='ltr'>parietum</span> <span class='ocrx_word' id='word_1_35' title='bbox 753 1036 929 1094; x_wconf 79' lang='lat' dir='ltr'><em>aatmumaur</em></span> <span class='ocrx_word' id='word_1_36' title='bbox 950 1035 1027 1093; x_wconf 86' lang='lat' dir='ltr'><em>eulti.</em></span> <span class='ocrx_word' id='word_1_37' title='bbox 1052 1035 1134 1092; x_wconf 81' lang='lat' dir='ltr'><em>dev.</em></span> <span class='ocrx_word' id='word_1_38' title='bbox 1155 1036 1238 1093; x_wconf 84' lang='lat' dir='ltr'><em>beata</em></span> <span class='ocrx_word' id='word_1_39' title='bbox 1264 1038 1290 1107; x_wconf 94' lang='lat'>7,</span> <span class='ocrx_word' id='word_1_40' title='bbox 1312 1037 1330 1093; x_wconf 94' lang='lat'>3</span> <span class='ocrx_word' id='word_1_41' title='bbox 1350 1036 1468 1108; x_wconf 83' lang='lat' dir='ltr'><em>bumlla,</em></span> 
     </span>
     <span class='ocr_line' id='line_1_6' title="bbox 297 1123 1471 1199; baseline -0.002 -17"><span class='ocrx_word' id='word_1_42' title='bbox 297 1125 405 1196; x_wconf 79' lang='lat' dir='ltr'><em>seruile,</em></span> <span class='ocrx_word' id='word_1_43' title='bbox 421 1125 596 1198; x_wconf 75' lang='lat' dir='ltr'><em>imbecillum,</em></span> <span class='ocrx_word' id='word_1_44' title='bbox 614 1125 755 1182; x_wconf 75' lang='grc'>55555555</span> <span class='ocrx_word' id='word_1_45' title='bbox 768 1172 773 1183; x_wconf 93' lang='grc'>.</span> <span class='ocrx_word' id='word_1_46' title='bbox 788 1171 793 1182; x_wconf 90' lang='grc'>.</span> <span class='ocrx_word' id='word_1_47' title='bbox 809 1125 859 1182; x_wconf 80' lang='lat' dir='ltr'>,la</span> <span class='ocrx_word' id='word_1_48' title='bbox 877 1125 989 1199; x_wconf 79' lang='grc'>1555515,</span> <span class='ocrx_word' id='word_1_49' title='bbox 1006 1125 1040 1182; x_wconf 81' lang='lat' dir='ltr'><em>lu</em></span> <span class='ocrx_word' id='word_1_50' title='bbox 1052 1123 1127 1199; x_wconf 77' lang='lat' dir='ltr'><em>sara,</em></span> <span class='ocrx_word' id='word_1_51' title='bbox 1145 1125 1179 1181; x_wconf 86' lang='lat' dir='ltr'><em>lu</em></span> <span class='ocrx_word' id='word_1_52' title='bbox 1196 1125 1288 1196; x_wconf 83' lang='grc'>5555,</span> <span class='ocrx_word' id='word_1_53' title='bbox 1300 1144 1357 1199; x_wconf 88' lang='lat' dir='ltr'><em>pra</em></span> <span class='ocrx_word' id='word_1_54' title='bbox 1373 1126 1471 1181; x_wconf 78' lang='lat' dir='ltr'><em>muris</em></span> 
     </span>
     <span class='ocr_line' id='line_1_7' title="bbox 297 1213 1469 1289; baseline 0.001 -18"><span class='ocrx_word' id='word_1_55' title='bbox 297 1219 431 1286; x_wconf 76' lang='lat' dir='ltr'><em>staulam,</em></span> <span class='ocrx_word' id='word_1_56' title='bbox 443 1214 687 1289; x_wconf 72' lang='lat' dir='ltr'>pulverulentam,</span> <span class='ocrx_word' id='word_1_57' title='bbox 701 1214 865 1285; x_wconf 79' lang='grc'>55555155,</span> <span class='ocrx_word' id='word_1_58' title='bbox 879 1213 1001 1271; x_wconf 73' lang='grc'>55115555</span> <span class='ocrx_word' id='word_1_59' title='bbox 1013 1213 1161 1271; x_wconf 80' lang='lat' dir='ltr'><em>lurbeutam</em></span> <span class='ocrx_word' id='word_1_60' title='bbox 1173 1232 1291 1271; x_wconf 72' lang='lat' dir='ltr'><em>prauus,</em></span> <span class='ocrx_word' id='word_1_61' title='bbox 1306 1214 1343 1271; x_wconf 88' lang='lat' dir='ltr'>de</span> <span class='ocrx_word' id='word_1_62' title='bbox 1355 1220 1469 1289; x_wconf 87' lang='lat' dir='ltr'><em>trauqu.</em></span> 
     </span>
     <span class='ocr_line' id='line_1_8' title="bbox 298 1303 1471 1378; baseline -0.003 -17"><span class='ocrx_word' id='word_1_63' title='bbox 298 1308 326 1376; x_wconf 86' lang='lat'>8,</span> <span class='ocrx_word' id='word_1_64' title='bbox 353 1305 367 1360; x_wconf 91' lang='lat'>1</span> <span class='ocrx_word' id='word_1_65' title='bbox 394 1309 509 1375; x_wconf 77' lang='lat' dir='ltr'><em>martur,</em></span> <span class='ocrx_word' id='word_1_66' title='bbox 534 1304 749 1377; x_wconf 77' lang='grc'>5555555555,</span> <span class='ocrx_word' id='word_1_67' title='bbox 774 1308 869 1360; x_wconf 84' lang='lat' dir='ltr'><em>melus</em></span> <span class='ocrx_word' id='word_1_68' title='bbox 892 1321 951 1378; x_wconf 81' lang='grc'>555.</span> <span class='ocrx_word' id='word_1_69' title='bbox 977 1306 1004 1375; x_wconf 80' lang='grc'>8,</span> <span class='ocrx_word' id='word_1_70' title='bbox 1029 1304 1048 1360; x_wconf 94' lang='grc'>4</span> <span class='ocrx_word' id='word_1_71' title='bbox 1073 1321 1184 1375; x_wconf 78' lang='lat' dir='ltr'><em>arurae,</em></span> <span class='ocrx_word' id='word_1_72' title='bbox 1207 1303 1471 1377; x_wconf 76' lang='lat' dir='ltr'><em>alreuruearlplaree</em></span> 
     </span>
     <span class='ocr_line' id='line_1_9' title="bbox 297 1390 1469 1469; baseline 0.001 -19"><span class='ocrx_word' id='word_1_73' title='bbox 297 1410 357 1469; x_wconf 80' lang='grc'>555.</span> <span class='ocrx_word' id='word_1_74' title='bbox 373 1393 409 1450; x_wconf 86' lang='grc'>(15</span> <span class='ocrx_word' id='word_1_75' title='bbox 433 1392 533 1450; x_wconf 80' lang='lat' dir='ltr'><strong>brevit.</strong></span> <span class='ocrx_word' id='word_1_76' title='bbox 561 1393 623 1466; x_wconf 92' lang='lat'>7,4</span> <span class='ocrx_word' id='word_1_77' title='bbox 648 1392 768 1464; x_wconf 70' lang='lat' dir='ltr'><em>utullus,</em></span> <span class='ocrx_word' id='word_1_78' title='bbox 793 1391 911 1467; x_wconf 70' lang='lat' dir='ltr'><em>affiatu,</em></span> <span class='ocrx_word' id='word_1_79' title='bbox 934 1390 1135 1466; x_wconf 72' lang='lat' dir='ltr'><em>uoluptatibus.</em></span> <span class='ocrx_word' id='word_1_80' title='bbox 1161 1391 1253 1467; x_wconf 83' lang='lat' dir='ltr'><em>Saepe</em></span> <span class='ocrx_word' id='word_1_81' title='bbox 1269 1392 1356 1449; x_wconf 85' lang='lat' dir='ltr'><em>etiam</em></span> <span class='ocrx_word' id='word_1_82' title='bbox 1374 1391 1469 1451; x_wconf 81' lang='grc' dir='ltr'><em>ἀσυν-</em></span> 
     </span>
     <span class='ocr_line' id='line_1_10' title="bbox 298 1480 1468 1556; baseline -0.003 -14"><span class='ocrx_word' id='word_1_83' title='bbox 298 1480 395 1548; x_wconf 83' lang='grc' dir='ltr'><em>ὃέτως</em></span> <span class='ocrx_word' id='word_1_84' title='bbox 412 1482 591 1540; x_wconf 87' lang='lat' dir='ltr'><em>iudueuutur</em></span> <span class='ocrx_word' id='word_1_85' title='bbox 605 1481 755 1556; x_wconf 83' lang='lat' dir='ltr'><em>exempla:</em></span> <span class='ocrx_word' id='word_1_86' title='bbox 772 1482 809 1539; x_wconf 91' lang='lat' dir='ltr'>de</span> <span class='ocrx_word' id='word_1_87' title='bbox 824 1500 851 1540; x_wconf 79' lang='lat' dir='ltr'>v,</span> <span class='ocrx_word' id='word_1_88' title='bbox 866 1481 948 1538; x_wconf 86' lang='lat' dir='ltr'><em>beata</em></span> <span class='ocrx_word' id='word_1_89' title='bbox 966 1481 1015 1553; x_wconf 88' lang='lat'>26,</span> <span class='ocrx_word' id='word_1_90' title='bbox 1034 1481 1052 1537; x_wconf 89' lang='lat'>2</span> <span class='ocrx_word' id='word_1_91' title='bbox 1070 1481 1234 1555; x_wconf 77' lang='grc'>1115555555</span> <span class='ocrx_word' id='word_1_92' title='bbox 1249 1481 1396 1555; x_wconf 79' lang='lat' dir='ltr'><em>luperatar</em></span> <span class='ocrx_word' id='word_1_93' title='bbox 1407 1499 1468 1556; x_wconf 78' lang='grc'>555.</span> 
     </span>
     <span class='ocr_line' id='line_1_11' title="bbox 299 1570 1468 1646; baseline -0.001 -17"><span class='ocrx_word' id='word_1_94' title='bbox 299 1573 348 1644; x_wconf 93' lang='grc'>27,</span> <span class='ocrx_word' id='word_1_95' title='bbox 374 1573 392 1628; x_wconf 92' lang='grc'>2</span> <span class='ocrx_word' id='word_1_96' title='bbox 418 1571 529 1629; x_wconf 76' lang='grc'>(155155</span> <span class='ocrx_word' id='word_1_97' title='bbox 546 1571 713 1646; x_wconf 75' lang='grc'>51155555.</span> <span class='ocrx_word' id='word_1_98' title='bbox 736 1571 773 1628; x_wconf 88' lang='lat' dir='ltr'>de</span> <span class='ocrx_word' id='word_1_99' title='bbox 798 1575 912 1646; x_wconf 82' lang='lat' dir='ltr'><em>tmuqu.</em></span> <span class='ocrx_word' id='word_1_100' title='bbox 940 1571 989 1643; x_wconf 92' lang='lat'>14,</span> <span class='ocrx_word' id='word_1_101' title='bbox 1013 1572 1031 1628; x_wconf 91' lang='lat'><strong>3</strong></span> <span class='ocrx_word' id='word_1_102' title='bbox 1057 1570 1201 1627; x_wconf 87' lang='lat' dir='ltr'><em>Nuullala</em></span> <span class='ocrx_word' id='word_1_103' title='bbox 1224 1570 1384 1644; x_wconf 79' lang='lat' dir='ltr'><em>aaresrapr&#39;a</em></span> <span class='ocrx_word' id='word_1_104' title='bbox 1407 1589 1468 1646; x_wconf 84' lang='grc'>555.</span> 
     </span>
     <span class='ocr_line' id='line_1_12' title="bbox 296 1659 1465 1736; baseline -0.001 -19"><span class='ocrx_word' id='word_1_105' title='bbox 296 1661 465 1718; x_wconf 80' lang='lat' dir='ltr'><em>mr&#39;ualralur</em></span> <span class='ocrx_word' id='word_1_106' title='bbox 491 1660 635 1718; x_wconf 84' lang='lat' dir='ltr'><em>Tbeaalara</em></span> <span class='ocrx_word' id='word_1_107' title='bbox 654 1678 714 1736; x_wconf 79' lang='grc'>555.</span> <span class='ocrx_word' id='word_1_108' title='bbox 739 1661 776 1718; x_wconf 91' lang='grc'>(15</span> <span class='ocrx_word' id='word_1_109' title='bbox 799 1659 899 1718; x_wconf 83' lang='lat' dir='ltr'><strong>brevit.</strong></span> <span class='ocrx_word' id='word_1_110' title='bbox 920 1661 949 1732; x_wconf 88' lang='lat'>4,</span> <span class='ocrx_word' id='word_1_111' title='bbox 972 1660 988 1716; x_wconf 88' lang='grc'>2</span> <span class='ocrx_word' id='word_1_112' title='bbox 1019 1659 1116 1716; x_wconf 76' lang='lat' dir='ltr'><em>Dium</em></span> <span class='ocrx_word' id='word_1_113' title='bbox 1138 1660 1293 1732; x_wconf 75' lang='lat' dir='ltr'><em>Aupurtur</em></span> <span class='ocrx_word' id='word_1_114' title='bbox 1314 1677 1374 1734; x_wconf 77' lang='lat' dir='ltr'><em>equ.</em></span> <span class='ocrx_word' id='word_1_115' title='bbox 1399 1662 1427 1729; x_wconf 94' lang='lat'>5,</span> <span class='ocrx_word' id='word_1_116' title='bbox 1451 1661 1465 1716; x_wconf 84' lang='lat'>1</span> 
     </span>
     <span class='ocr_line' id='line_1_13' title="bbox 298 1748 1470 1825; baseline -0.003 -17"><span class='ocrx_word' id='word_1_117' title='bbox 298 1750 415 1808; x_wconf 76' lang='lat' dir='ltr'><em>Marcus</em></span> <span class='ocrx_word' id='word_1_118' title='bbox 431 1750 526 1808; x_wconf 82' lang='lat' dir='ltr'><em>Claera</em></span> <span class='ocrx_word' id='word_1_119' title='bbox 549 1767 609 1825; x_wconf 76' lang='grc'>555.</span> <span class='ocrx_word' id='word_1_120' title='bbox 635 1751 662 1822; x_wconf 82' lang='grc'>(1,</span> <span class='ocrx_word' id='word_1_121' title='bbox 686 1752 700 1807; x_wconf 94' lang='grc'>1</span> <span class='ocrx_word' id='word_1_122' title='bbox 728 1749 834 1806; x_wconf 78' lang='lat' dir='ltr'><em>Liuius</em></span> <span class='ocrx_word' id='word_1_123' title='bbox 857 1749 977 1805; x_wconf 81' lang='lat' dir='ltr'><em>Drusus</em></span> <span class='ocrx_word' id='word_1_124' title='bbox 991 1766 1050 1824; x_wconf 78' lang='grc'>555.</span> <span class='ocrx_word' id='word_1_125' title='bbox 1079 1749 1161 1817; x_wconf 90' lang='grc'>17,2</span> <span class='ocrx_word' id='word_1_126' title='bbox 1191 1748 1266 1805; x_wconf 79' lang='lat' dir='ltr'>Cum</span> <span class='ocrx_word' id='word_1_127' title='bbox 1284 1767 1338 1822; x_wconf 86' lang='lat' dir='ltr'>per</span> <span class='ocrx_word' id='word_1_128' title='bbox 1361 1767 1470 1822; x_wconf 82' lang='lat' dir='ltr'><em>raapua</em></span> 
     </span>
     <span class='ocr_line' id='line_1_14' title="bbox 295 1837 1469 1914; baseline -0.003 -19"><span class='ocrx_word' id='word_1_129' title='bbox 295 1857 466 1914; x_wconf 78' lang='lat' dir='ltr'><em>ramparum</em></span> <span class='ocrx_word' id='word_1_130' title='bbox 496 1839 592 1914; x_wconf 75' lang='lat' dir='ltr'><em>spatia</em></span> <span class='ocrx_word' id='word_1_131' title='bbox 614 1857 674 1914; x_wconf 78' lang='grc'>555.</span> <span class='ocrx_word' id='word_1_132' title='bbox 710 1839 747 1896; x_wconf 87' lang='grc'>(15</span> <span class='ocrx_word' id='word_1_133' title='bbox 775 1843 867 1896; x_wconf 85' lang='lat' dir='ltr'><em>uauet.</em></span> <span class='ocrx_word' id='word_1_134' title='bbox 893 1839 921 1911; x_wconf 93' lang='lat'>5,</span> <span class='ocrx_word' id='word_1_135' title='bbox 952 1840 969 1896; x_wconf 89' lang='grc'><strong>6</strong></span> <span class='ocrx_word' id='word_1_136' title='bbox 994 1838 1144 1911; x_wconf 83' lang='lat' dir='ltr'><em>Meparam</em></span> <span class='ocrx_word' id='word_1_137' title='bbox 1171 1837 1338 1894; x_wconf 70' lang='lat' dir='ltr'><em>Demetrius</em></span> <span class='ocrx_word' id='word_1_138' title='bbox 1361 1843 1469 1912; x_wconf 80' lang='lat' dir='ltr'><em>ceperat</em></span> 
     </span>
     <span class='ocr_line' id='line_1_15' title="bbox 297 1927 1286 2004; baseline -0.002 -18"><span class='ocrx_word' id='word_1_139' title='bbox 297 1947 358 2004; x_wconf 80' lang='grc'>555.</span> <span class='ocrx_word' id='word_1_140' title='bbox 395 1930 421 2000; x_wconf 96' lang='grc'>7,</span> <span class='ocrx_word' id='word_1_141' title='bbox 451 1931 470 1985; x_wconf 99' lang='lat'>4</span> <span class='ocrx_word' id='word_1_142' title='bbox 495 1929 523 1985; x_wconf 83' lang='lat' dir='ltr'><em>se&#39;</em></span> <span class='ocrx_word' id='word_1_143' title='bbox 546 1928 613 2003; x_wconf 77' lang='lat' dir='ltr'><em>auls</em></span> <span class='ocrx_word' id='word_1_144' title='bbox 637 1945 697 2003; x_wconf 80' lang='grc'>555.</span> <span class='ocrx_word' id='word_1_145' title='bbox 731 1929 768 1986; x_wconf 90' lang='grc'>(15</span> <span class='ocrx_word' id='word_1_146' title='bbox 790 1927 832 1985; x_wconf 85' lang='lat' dir='ltr'>ira</span> <span class='ocrx_word' id='word_1_147' title='bbox 857 1927 886 1984; x_wconf 89' lang='lat' dir='ltr'>H</span> <span class='ocrx_word' id='word_1_148' title='bbox 911 1929 961 1999; x_wconf 87' lang='lat'>31,</span> <span class='ocrx_word' id='word_1_149' title='bbox 987 1929 1004 1984; x_wconf 99' lang='lat'>5</span> <span class='ocrx_word' id='word_1_150' title='bbox 1029 1927 1203 2000; x_wconf 78' lang='grc'>5555555155</span> <span class='ocrx_word' id='word_1_151' title='bbox 1226 1945 1286 2002; x_wconf 79' lang='grc'>555.</span> 
     </span>
    </p>
   </div>
   <div class='ocr_carea' id='block_1_3' title="bbox 294 2033 1469 3108">
    <p class='ocr_par' dir='ltr' id='par_1_3' title="bbox 295 2033 1469 2556">
     <span class='ocr_line' id='line_1_16' title="bbox 385 2033 1469 2110; baseline -0.003 -18"><span class='ocrx_word' id='word_1_152' title='bbox 385 2035 492 2093; x_wconf 87' lang='lat' dir='ltr'><em>Crebra</em></span> <span class='ocrx_word' id='word_1_153' title='bbox 505 2039 550 2092; x_wconf 83' lang='lat' dir='ltr'>est</span> <span class='ocrx_word' id='word_1_154' title='bbox 559 2034 684 2110; x_wconf 79' lang='lat' dir='ltr'><strong>protasis</strong></span> <span class='ocrx_word' id='word_1_155' title='bbox 694 2035 868 2110; x_wconf 80' lang='lat' dir='ltr'><em>peratuatiea</em></span> <span class='ocrx_word' id='word_1_156' title='bbox 881 2034 926 2108; x_wconf 86' lang='grc'>(51.</span> <span class='ocrx_word' id='word_1_157' title='bbox 940 2052 1004 2109; x_wconf 83' lang='lat' dir='ltr'><em>pag.</em></span> <span class='ocrx_word' id='word_1_158' title='bbox 1019 2034 1084 2106; x_wconf 89' lang='lat'>31):</span> <span class='ocrx_word' id='word_1_159' title='bbox 1101 2033 1138 2090; x_wconf 89' lang='lat' dir='ltr'>de</span> <span class='ocrx_word' id='word_1_160' title='bbox 1148 2038 1261 2110; x_wconf 83' lang='lat' dir='ltr'><em>treuqu.</em></span> <span class='ocrx_word' id='word_1_161' title='bbox 1276 2035 1303 2106; x_wconf 90' lang='lat'>4,</span> <span class='ocrx_word' id='word_1_162' title='bbox 1318 2035 1335 2092; x_wconf 82' lang='grc'>6</span> <span class='ocrx_word' id='word_1_163' title='bbox 1349 2033 1469 2090; x_wconf 78' lang='lat' dir='ltr'><em>auditus</em></span> 
     </span>
     <span class='ocr_line' id='line_1_17' title="bbox 296 2123 1469 2199; baseline -0.003 -17"><span class='ocrx_word' id='word_1_164' title='bbox 296 2131 336 2182; x_wconf 82' lang='lat' dir='ltr'>eet</span> <span class='ocrx_word' id='word_1_165' title='bbox 351 2125 504 2199; x_wconf 76' lang='lat' dir='ltr'><em>risusque:</em></span> <span class='ocrx_word' id='word_1_166' title='bbox 528 2123 615 2195; x_wconf 87' lang='lat' dir='ltr'><em>uoltu,</em></span> <span class='ocrx_word' id='word_1_167' title='bbox 639 2129 716 2180; x_wconf 85' lang='grc'>5515</span> <span class='ocrx_word' id='word_1_168' title='bbox 733 2170 738 2181; x_wconf 96' lang='grc'>.</span> <span class='ocrx_word' id='word_1_169' title='bbox 757 2170 762 2181; x_wconf 95' lang='grc'>.</span> <span class='ocrx_word' id='word_1_170' title='bbox 779 2170 785 2181; x_wconf 91' lang='grc'>.</span> <span class='ocrx_word' id='word_1_171' title='bbox 804 2123 929 2198; x_wconf 80' lang='lat' dir='ltr'><em>prodest.</em></span> <span class='ocrx_word' id='word_1_172' title='bbox 955 2123 991 2181; x_wconf 83' lang='lat' dir='ltr'>de</span> <span class='ocrx_word' id='word_1_173' title='bbox 1007 2123 1101 2180; x_wconf 83' lang='lat' dir='ltr'><strong>brevit</strong></span> <span class='ocrx_word' id='word_1_174' title='bbox 1119 2125 1168 2190; x_wconf 86' lang='lat'>15,</span> <span class='ocrx_word' id='word_1_175' title='bbox 1185 2125 1202 2180; x_wconf 89' lang='lat'>5</span> <span class='ocrx_word' id='word_1_176' title='bbox 1222 2123 1341 2179; x_wconf 74' lang='lat' dir='ltr'><strong>transiit</strong></span> <span class='ocrx_word' id='word_1_177' title='bbox 1356 2128 1469 2196; x_wconf 77' lang='lat' dir='ltr'><em>tempus</em></span> 
     </span>
     <span class='ocr_line' id='line_1_18' title="bbox 295 2211 1466 2288; baseline -0.003 -18"><span class='ocrx_word' id='word_1_178' title='bbox 295 2213 428 2288; x_wconf 81' lang='lat' dir='ltr'><em>aliquod:</em></span> <span class='ocrx_word' id='word_1_179' title='bbox 459 2213 958 2287; x_wconf 71' lang='grc'>555555515115555555515555.</span> <span class='ocrx_word' id='word_1_180' title='bbox 982 2213 1088 2268; x_wconf 72' lang='lat' dir='ltr'><em>uertat:</em></span> <span class='ocrx_word' id='word_1_181' title='bbox 1113 2211 1165 2268; x_wconf 84' lang='lat' dir='ltr'><em>bae</em></span> <span class='ocrx_word' id='word_1_182' title='bbox 1187 2213 1289 2269; x_wconf 84' lang='lat' dir='ltr'><em>utitur.</em></span> <span class='ocrx_word' id='word_1_183' title='bbox 1313 2217 1466 2268; x_wconf 77' lang='grc'>55515555(</span> 
     </span>
     <span class='ocr_line' id='line_1_19' title="bbox 295 2301 1468 2377; baseline -0.003 -17"><span class='ocrx_word' id='word_1_184' title='bbox 295 2308 352 2360; x_wconf 81' lang='lat' dir='ltr'><em>est:</em></span> <span class='ocrx_word' id='word_1_185' title='bbox 384 2303 435 2359; x_wconf 82' lang='lat' dir='ltr'><em>bae</em></span> <span class='ocrx_word' id='word_1_186' title='bbox 459 2302 608 2377; x_wconf 69' lang='lat' dir='ltr'><em>praerupit.</em></span> <span class='ocrx_word' id='word_1_187' title='bbox 644 2304 693 2374; x_wconf 89' lang='lat'>17,</span> <span class='ocrx_word' id='word_1_188' title='bbox 723 2303 751 2359; x_wconf 88' lang='grc'>5.</span> <span class='ocrx_word' id='word_1_189' title='bbox 779 2302 816 2360; x_wconf 88' lang='grc'>(15</span> <span class='ocrx_word' id='word_1_190' title='bbox 849 2301 941 2360; x_wconf 83' lang='lat' dir='ltr'><em>benef.</em></span> <span class='ocrx_word' id='word_1_191' title='bbox 967 2301 993 2356; x_wconf 90' lang='lat' dir='ltr'>V</span> <span class='ocrx_word' id='word_1_192' title='bbox 1027 2302 1075 2374; x_wconf 84' lang='lat'>18,</span> <span class='ocrx_word' id='word_1_193' title='bbox 1107 2302 1136 2358; x_wconf 92' lang='grc'>4.</span> <span class='ocrx_word' id='word_1_194' title='bbox 1169 2301 1349 2376; x_wconf 81' lang='lat' dir='ltr'><em>Epicteteum</em></span> <span class='ocrx_word' id='word_1_195' title='bbox 1378 2301 1468 2358; x_wconf 79' lang='lat' dir='ltr'><em>habes</em></span> 
     </span>
     <span class='ocr_line' id='line_1_20' title="bbox 296 2390 1467 2466; baseline -0.003 -17"><span class='ocrx_word' id='word_1_196' title='bbox 296 2393 469 2450; x_wconf 83' lang='lat' dir='ltr'><em>brevitatem</em></span> <span class='ocrx_word' id='word_1_197' title='bbox 497 2409 541 2466; x_wconf 92' lang='lat' dir='ltr'>ep.</span> <span class='ocrx_word' id='word_1_198' title='bbox 568 2393 616 2463; x_wconf 84' lang='grc'>76,</span> <span class='ocrx_word' id='word_1_199' title='bbox 642 2392 675 2448; x_wconf 84' lang='grc'>9;</span> <span class='ocrx_word' id='word_1_200' title='bbox 708 2391 796 2447; x_wconf 81' lang='lat' dir='ltr'><em>ualet:</em></span> <span class='ocrx_word' id='word_1_201' title='bbox 829 2396 855 2448; x_wconf 87' lang='lat' dir='ltr'>el</span> <span class='ocrx_word' id='word_1_202' title='bbox 883 2391 983 2448; x_wconf 79' lang='grc'>155555.</span> <span class='ocrx_word' id='word_1_203' title='bbox 1014 2390 1165 2465; x_wconf 79' lang='lat' dir='ltr'><em>formosus</em></span> <span class='ocrx_word' id='word_1_204' title='bbox 1193 2395 1249 2446; x_wconf 81' lang='lat' dir='ltr'><em>est:</em></span> <span class='ocrx_word' id='word_1_205' title='bbox 1283 2395 1307 2446; x_wconf 87' lang='lat' dir='ltr'>al</span> <span class='ocrx_word' id='word_1_206' title='bbox 1330 2408 1467 2464; x_wconf 78' lang='lat' dir='ltr'><em>parares,</em></span> 
     </span>
     <span class='ocr_line' id='line_1_21' title="bbox 295 2480 675 2556; baseline -0.003 -18"><span class='ocrx_word' id='word_1_207' title='bbox 295 2481 374 2538; x_wconf 79' lang='grc'>5555</span> <span class='ocrx_word' id='word_1_208' title='bbox 396 2484 452 2537; x_wconf 76' lang='lat' dir='ltr'><em>eet:</em></span> <span class='ocrx_word' id='word_1_209' title='bbox 477 2485 503 2537; x_wconf 92' lang='lat' dir='ltr'>et</span> <span class='ocrx_word' id='word_1_210' title='bbox 526 2480 593 2555; x_wconf 76' lang='grc'>5551</span> <span class='ocrx_word' id='word_1_211' title='bbox 615 2497 675 2556; x_wconf 78' lang='grc'>555.</span> 
     </span>
    </p>

    <p class='ocr_par' dir='ltr' id='par_1_4' title="bbox 294 2586 1469 3108">
     <span class='ocr_line' id='line_1_22' title="bbox 385 2586 1469 2663; baseline -0.003 -19"><span class='ocrx_word' id='word_1_212' title='bbox 385 2587 560 2663; x_wconf 81' lang='lat' dir='ltr'>Plerumque</span> <span class='ocrx_word' id='word_1_213' title='bbox 584 2587 708 2645; x_wconf 82' lang='lat' dir='ltr'><em>alterum</em></span> <span class='ocrx_word' id='word_1_214' title='bbox 732 2589 895 2646; x_wconf 84' lang='lat' dir='ltr'>membrum</span> <span class='ocrx_word' id='word_1_215' title='bbox 921 2591 967 2644; x_wconf 81' lang='lat' dir='ltr'>est</span> <span class='ocrx_word' id='word_1_216' title='bbox 983 2586 1174 2662; x_wconf 82' lang='lat' dir='ltr'>imperativus</span> <span class='ocrx_word' id='word_1_217' title='bbox 1195 2586 1243 2644; x_wconf 92' lang='lat' dir='ltr'><em>vel</em></span> <span class='ocrx_word' id='word_1_218' title='bbox 1263 2586 1469 2644; x_wconf 83' lang='lat' dir='ltr'><em>eauiuuetivus</em></span> 
     </span>
     <span class='ocr_line' id='line_1_23' title="bbox 295 2675 1467 2752; baseline -0.002 -18"><span class='ocrx_word' id='word_1_219' title='bbox 295 2677 496 2734; x_wconf 80' lang='lat' dir='ltr'><strong>adhortativus</strong></span> <span class='ocrx_word' id='word_1_220' title='bbox 520 2676 601 2734; x_wconf 85' lang='lat' dir='ltr'><em>velut</em></span> <span class='ocrx_word' id='word_1_221' title='bbox 623 2677 671 2741; x_wconf 85' lang='grc'>(15,</span> <span class='ocrx_word' id='word_1_222' title='bbox 684 2677 796 2752; x_wconf 83' lang='lat' dir='ltr'>provid.</span> <span class='ocrx_word' id='word_1_223' title='bbox 813 2678 841 2750; x_wconf 89' lang='lat'>4,</span> <span class='ocrx_word' id='word_1_224' title='bbox 862 2678 898 2734; x_wconf 88' lang='grc'>12</span> <span class='ocrx_word' id='word_1_225' title='bbox 923 2675 1048 2732; x_wconf 83' lang='lat' dir='ltr'><em>uerberat</em></span> <span class='ocrx_word' id='word_1_226' title='bbox 1070 2695 1125 2733; x_wconf 82' lang='lat' dir='ltr'><em>uas</em></span> <span class='ocrx_word' id='word_1_227' title='bbox 1149 2675 1286 2750; x_wconf 81' lang='lat' dir='ltr'><em>sarluua:</em></span> <span class='ocrx_word' id='word_1_228' title='bbox 1305 2675 1467 2750; x_wconf 78' lang='lat' dir='ltr'><em>patiamur.</em></span> 
     </span>
     <span class='ocr_line' id='line_1_24' title="bbox 295 2764 1468 2841; baseline -0.001 -19"><span class='ocrx_word' id='word_1_229' title='bbox 295 2767 332 2823; x_wconf 91' lang='grc'>(15</span> <span class='ocrx_word' id='word_1_230' title='bbox 356 2773 468 2841; x_wconf 86' lang='lat' dir='ltr'><em>tranqu.</em></span> <span class='ocrx_word' id='word_1_231' title='bbox 493 2767 521 2838; x_wconf 85' lang='lat'>4,</span> <span class='ocrx_word' id='word_1_232' title='bbox 547 2768 565 2824; x_wconf 88' lang='grc'>3</span> <span class='ocrx_word' id='word_1_233' title='bbox 590 2766 717 2823; x_wconf 86' lang='lat' dir='ltr'><em>rm&#39;lltare</em></span> <span class='ocrx_word' id='word_1_234' title='bbox 739 2785 801 2823; x_wconf 89' lang='grc'>555</span> <span class='ocrx_word' id='word_1_235' title='bbox 821 2766 898 2823; x_wconf 84' lang='lat' dir='ltr'><em>lr&#39;eet:</em></span> <span class='ocrx_word' id='word_1_236' title='bbox 922 2765 1045 2822; x_wconf 77' lang='lat' dir='ltr'><em>baleares</em></span> <span class='ocrx_word' id='word_1_237' title='bbox 1063 2769 1150 2840; x_wconf 88' lang='lat' dir='ltr'><em>petat.</em></span> <span class='ocrx_word' id='word_1_238' title='bbox 1175 2765 1212 2822; x_wconf 90' lang='lat' dir='ltr'>de</span> <span class='ocrx_word' id='word_1_239' title='bbox 1229 2784 1254 2822; x_wconf 83' lang='lat' dir='ltr'><em>r.</em></span> <span class='ocrx_word' id='word_1_240' title='bbox 1271 2764 1353 2822; x_wconf 82' lang='lat' dir='ltr'><em>beatu</em></span> <span class='ocrx_word' id='word_1_241' title='bbox 1371 2765 1420 2836; x_wconf 85' lang='grc'>26,</span> <span class='ocrx_word' id='word_1_242' title='bbox 1437 2766 1468 2821; x_wconf 89' lang='lat'>4.</span> 
     </span>
     <span class='ocr_line' id='line_1_25' title="bbox 298 2853 1468 2929; baseline -0.003 -16"><span class='ocrx_word' id='word_1_243' title='bbox 298 2858 346 2925; x_wconf 90' lang='lat'>13,</span> <span class='ocrx_word' id='word_1_244' title='bbox 371 2858 397 2913; x_wconf 90' lang='lat'>5.</span> <span class='ocrx_word' id='word_1_245' title='bbox 424 2856 473 2922; x_wconf 88' lang='lat'>25,</span> <span class='ocrx_word' id='word_1_246' title='bbox 500 2857 525 2912; x_wconf 90' lang='lat'>1.</span> <span class='ocrx_word' id='word_1_247' title='bbox 551 2856 600 2928; x_wconf 92' lang='grc'>27,</span> <span class='ocrx_word' id='word_1_248' title='bbox 627 2857 654 2912; x_wconf 89' lang='lat'>3.</span> <span class='ocrx_word' id='word_1_249' title='bbox 683 2855 721 2912; x_wconf 89' lang='lat' dir='ltr'>de</span> <span class='ocrx_word' id='word_1_250' title='bbox 744 2855 856 2929; x_wconf 81' lang='lat' dir='ltr'><em>provid.</em></span> <span class='ocrx_word' id='word_1_251' title='bbox 881 2857 909 2926; x_wconf 89' lang='lat'>3,</span> <span class='ocrx_word' id='word_1_252' title='bbox 936 2855 963 2912; x_wconf 83' lang='lat'>9.</span> <span class='ocrx_word' id='word_1_253' title='bbox 992 2854 1028 2910; x_wconf 83' lang='lat' dir='ltr'>(le</span> <span class='ocrx_word' id='word_1_254' title='bbox 1052 2859 1167 2929; x_wconf 86' lang='lat' dir='ltr'><em>tranqu.</em></span> <span class='ocrx_word' id='word_1_255' title='bbox 1194 2857 1221 2922; x_wconf 90' lang='grc'>7,</span> <span class='ocrx_word' id='word_1_256' title='bbox 1247 2855 1274 2910; x_wconf 95' lang='lat'>2.</span> <span class='ocrx_word' id='word_1_257' title='bbox 1304 2854 1340 2911; x_wconf 87' lang='lat' dir='ltr'>de</span> <span class='ocrx_word' id='word_1_258' title='bbox 1365 2853 1468 2910; x_wconf 82' lang='lat' dir='ltr'>brevit.</span> 
     </span>
     <span class='ocr_line' id='line_1_26' title="bbox 297 2941 1469 3020; baseline -0.004 -17"><span class='ocrx_word' id='word_1_259' title='bbox 297 2947 323 3016; x_wconf 95' lang='lat'>7,</span> <span class='ocrx_word' id='word_1_260' title='bbox 350 2947 376 3002; x_wconf 95' lang='lat'>7.</span> <span class='ocrx_word' id='word_1_261' title='bbox 407 2945 443 3002; x_wconf 84' lang='lat' dir='ltr'>de</span> <span class='ocrx_word' id='word_1_262' title='bbox 474 2944 516 3001; x_wconf 81' lang='lat' dir='ltr'>ira</span> <span class='ocrx_word' id='word_1_263' title='bbox 547 2943 576 3001; x_wconf 90' lang='lat' dir='ltr'>II</span> <span class='ocrx_word' id='word_1_264' title='bbox 606 2945 646 3002; x_wconf 82' lang='lat'>30</span> <span class='ocrx_word' id='word_1_265' title='bbox 678 2950 772 3000; x_wconf 87' lang='lat' dir='ltr'><em>tutum</em></span> <span class='ocrx_word' id='word_1_266' title='bbox 800 2949 889 3020; x_wconf 79' lang='lat' dir='ltr'><em>eaput</em></span> <span class='ocrx_word' id='word_1_267' title='bbox 917 2944 973 3000; x_wconf 85' lang='lat' dir='ltr'>hoc</span> <span class='ocrx_word' id='word_1_268' title='bbox 1003 2943 1179 3017; x_wconf 82' lang='lat' dir='ltr'><em>parutuetieu</em></span> <span class='ocrx_word' id='word_1_269' title='bbox 1212 2941 1327 3000; x_wconf 81' lang='grc'>(1155551</span> <span class='ocrx_word' id='word_1_270' title='bbox 1360 2960 1469 3017; x_wconf 83' lang='lat' dir='ltr'><em>genere</em></span> 
     </span>
     <span class='ocr_line' id='line_1_27' title="bbox 294 3034 437 3108; baseline 0.007 -18"><span class='ocrx_word' id='word_1_271' title='bbox 294 3034 437 3108; x_wconf 87' lang='lat' dir='ltr'><em>expletur.</em></span> 
     </span>
    </p>
   </div>
   <div class='ocr_carea' id='block_1_4' title="bbox 852 3168 913 3238">
    <p class='ocr_par' dir='ltr' id='par_1_5' title="bbox 852 3168 913 3238">
     <span class='ocr_line' id='line_1_28' title="bbox 852 3168 913 3238; baseline 0 0"><span class='ocrx_word' id='word_1_272' title='bbox 852 3168 913 3238; x_wconf 87' lang='lat'>27.</span> 
     </span>
    </p>
   </div>
   <div class='ocr_carea' id='block_1_5' title="bbox 289 3299 1471 4178">
    <p class='ocr_par' dir='ltr' id='par_1_6' title="bbox 289 3299 1471 4178">
     <span class='ocr_line' id='line_1_29' title="bbox 384 3299 1468 3375; baseline -0.003 -17"><span class='ocrx_word' id='word_1_273' title='bbox 384 3300 618 3374; x_wconf 75' lang='lat' dir='ltr'><em>Syuuuymurum</em></span> <span class='ocrx_word' id='word_1_274' title='bbox 633 3301 680 3375; x_wconf 88' lang='lat' dir='ltr'><em>(ef.</em></span> <span class='ocrx_word' id='word_1_275' title='bbox 694 3319 758 3375; x_wconf 82' lang='lat' dir='ltr'>pag.</span> <span class='ocrx_word' id='word_1_276' title='bbox 772 3300 834 3374; x_wconf 87' lang='grc'>31),</span> <span class='ocrx_word' id='word_1_277' title='bbox 848 3307 881 3358; x_wconf 91' lang='lat' dir='ltr'><em>ut</em></span> <span class='ocrx_word' id='word_1_278' title='bbox 897 3301 934 3358; x_wconf 85' lang='lat' dir='ltr'>ad</span> <span class='ocrx_word' id='word_1_279' title='bbox 947 3300 1081 3358; x_wconf 83' lang='lat' dir='ltr'><strong>diationis</strong></span> <span class='ocrx_word' id='word_1_280' title='bbox 1093 3299 1300 3359; x_wconf 82' lang='lat' dir='ltr'><em>abundantiam</em></span> <span class='ocrx_word' id='word_1_281' title='bbox 1314 3303 1468 3370; x_wconf 81' lang='lat' dir='ltr'><em>transeam,</em></span> 
     </span>
     <span class='ocr_line' id='line_1_30' title="bbox 294 3388 1469 3464; baseline -0.003 -18"><span class='ocrx_word' id='word_1_282' title='bbox 294 3389 398 3464; x_wconf 83' lang='lat' dir='ltr'><em>iugens</em></span> <span class='ocrx_word' id='word_1_283' title='bbox 421 3390 500 3464; x_wconf 82' lang='lat' dir='ltr'><em>apud</em></span> <span class='ocrx_word' id='word_1_284' title='bbox 524 3389 663 3448; x_wconf 84' lang='lat' dir='ltr'><em>Seueeum</em></span> <span class='ocrx_word' id='word_1_285' title='bbox 693 3395 790 3446; x_wconf 77' lang='lat' dir='ltr'><em>exstat</em></span> <span class='ocrx_word' id='word_1_286' title='bbox 818 3408 964 3448; x_wconf 85' lang='lat' dir='ltr'><em>uumerus.</em></span> <span class='ocrx_word' id='word_1_287' title='bbox 993 3391 1029 3448; x_wconf 86' lang='grc'>51.</span> <span class='ocrx_word' id='word_1_288' title='bbox 1058 3390 1095 3447; x_wconf 93' lang='grc'>(15</span> <span class='ocrx_word' id='word_1_289' title='bbox 1119 3389 1230 3464; x_wconf 82' lang='lat' dir='ltr'>pravid.</span> <span class='ocrx_word' id='word_1_290' title='bbox 1256 3391 1283 3459; x_wconf 93' lang='grc'>2,</span> <span class='ocrx_word' id='word_1_291' title='bbox 1310 3389 1327 3445; x_wconf 91' lang='grc'>2</span> <span class='ocrx_word' id='word_1_292' title='bbox 1353 3388 1469 3462; x_wconf 81' lang='lat' dir='ltr'><em>quietus</em></span> 
     </span>
     <span class='ocr_line' id='line_1_31' title="bbox 290 3477 1466 3554; baseline -0.001 -20"><span class='ocrx_word' id='word_1_293' title='bbox 290 3478 488 3553; x_wconf 79' lang='lat' dir='ltr'><em>plaelelusque.</em></span> <span class='ocrx_word' id='word_1_294' title='bbox 514 3479 542 3549; x_wconf 96' lang='grc'>2,</span> <span class='ocrx_word' id='word_1_295' title='bbox 566 3479 585 3536; x_wconf 91' lang='lat'>4</span> <span class='ocrx_word' id='word_1_296' title='bbox 615 3478 690 3535; x_wconf 83' lang='lat' dir='ltr'><em>dura</em></span> <span class='ocrx_word' id='word_1_297' title='bbox 713 3498 745 3535; x_wconf 87' lang='grc'>55</span> <span class='ocrx_word' id='word_1_298' title='bbox 773 3479 918 3554; x_wconf 71' lang='lat' dir='ltr'><em>rtisptellia.</em></span> <span class='ocrx_word' id='word_1_299' title='bbox 953 3481 981 3552; x_wconf 91' lang='lat'>3,</span> <span class='ocrx_word' id='word_1_300' title='bbox 1012 3481 1029 3536; x_wconf 94' lang='grc'>2</span> <span class='ocrx_word' id='word_1_301' title='bbox 1059 3479 1212 3535; x_wconf 74' lang='lat' dir='ltr'><em>horremus</em></span> <span class='ocrx_word' id='word_1_302' title='bbox 1244 3497 1277 3534; x_wconf 90' lang='grc'>55</span> <span class='ocrx_word' id='word_1_303' title='bbox 1305 3477 1466 3533; x_wconf 72' lang='grc'>55555555.</span> 
     </span>
     <span class='ocr_line' id='line_1_32' title="bbox 294 3566 1467 3642; baseline -0.001 -18"><span class='ocrx_word' id='word_1_304' title='bbox 294 3569 323 3632; x_wconf 88' lang='grc'>4,</span> <span class='ocrx_word' id='word_1_305' title='bbox 353 3570 370 3625; x_wconf 83' lang='grc'>8</span> <span class='ocrx_word' id='word_1_306' title='bbox 401 3567 513 3625; x_wconf 79' lang='lat' dir='ltr'><em>llrur&#39;elr&#39;e</em></span> <span class='ocrx_word' id='word_1_307' title='bbox 537 3567 715 3642; x_wconf 78' lang='lat' dir='ltr'><em>lpuam&#39;eque.</em></span> <span class='ocrx_word' id='word_1_308' title='bbox 740 3568 776 3626; x_wconf 91' lang='grc'>(15</span> <span class='ocrx_word' id='word_1_309' title='bbox 801 3587 826 3625; x_wconf 90' lang='lat' dir='ltr'>v.</span> <span class='ocrx_word' id='word_1_310' title='bbox 852 3569 936 3626; x_wconf 87' lang='lat' dir='ltr'><em>beata</em></span> <span class='ocrx_word' id='word_1_311' title='bbox 965 3571 993 3641; x_wconf 85' lang='lat'>5,</span> <span class='ocrx_word' id='word_1_312' title='bbox 1018 3570 1036 3627; x_wconf 90' lang='lat'>3</span> <span class='ocrx_word' id='word_1_313' title='bbox 1066 3568 1194 3624; x_wconf 75' lang='lat' dir='ltr'><strong>stabilita</strong></span> <span class='ocrx_word' id='word_1_314' title='bbox 1221 3572 1246 3623; x_wconf 90' lang='lat' dir='ltr'>at</span> <span class='ocrx_word' id='word_1_315' title='bbox 1274 3566 1467 3623; x_wconf 73' lang='grc'>5555155515.</span> 
     </span>
     <span class='ocr_line' id='line_1_33' title="bbox 299 3656 1466 3732; baseline -0.003 -18"><span class='ocrx_word' id='word_1_316' title='bbox 299 3659 346 3727; x_wconf 91' lang='grc'>12,</span> <span class='ocrx_word' id='word_1_317' title='bbox 376 3659 395 3715; x_wconf 94' lang='grc'>4</span> <span class='ocrx_word' id='word_1_318' title='bbox 424 3657 521 3714; x_wconf 80' lang='lat' dir='ltr'><em>sobria</em></span> <span class='ocrx_word' id='word_1_319' title='bbox 549 3661 574 3713; x_wconf 90' lang='lat' dir='ltr'>et</span> <span class='ocrx_word' id='word_1_320' title='bbox 601 3657 683 3714; x_wconf 75' lang='grc'>51555.</span> <span class='ocrx_word' id='word_1_321' title='bbox 725 3659 773 3729; x_wconf 84' lang='grc'>15,</span> <span class='ocrx_word' id='word_1_322' title='bbox 804 3660 820 3715; x_wconf 85' lang='grc'>6</span> <span class='ocrx_word' id='word_1_323' title='bbox 850 3658 982 3732; x_wconf 80' lang='lat' dir='ltr'><em>queritur</em></span> <span class='ocrx_word' id='word_1_324' title='bbox 1009 3663 1034 3714; x_wconf 88' lang='lat' dir='ltr'>at</span> <span class='ocrx_word' id='word_1_325' title='bbox 1057 3657 1155 3731; x_wconf 87' lang='lat' dir='ltr'><em>plorat</em></span> <span class='ocrx_word' id='word_1_326' title='bbox 1183 3661 1208 3712; x_wconf 87' lang='grc'>51</span> <span class='ocrx_word' id='word_1_327' title='bbox 1235 3656 1331 3729; x_wconf 79' lang='grc'>55551.</span> <span class='ocrx_word' id='word_1_328' title='bbox 1368 3656 1416 3725; x_wconf 88' lang='grc'>24,</span> <span class='ocrx_word' id='word_1_329' title='bbox 1445 3658 1466 3710; x_wconf 88' lang='grc'>4</span> 
     </span>
     <span class='ocr_line' id='line_1_34' title="bbox 294 3745 1469 3822; baseline -0.003 -19"><span class='ocrx_word' id='word_1_330' title='bbox 294 3746 417 3820; x_wconf 77' lang='lat' dir='ltr'><em>fortiter,</em></span> <span class='ocrx_word' id='word_1_331' title='bbox 451 3746 590 3803; x_wconf 79' lang='lat' dir='ltr'><em>ammosa.</em></span> <span class='ocrx_word' id='word_1_332' title='bbox 624 3746 661 3804; x_wconf 89' lang='lat' dir='ltr'>de</span> <span class='ocrx_word' id='word_1_333' title='bbox 688 3751 802 3822; x_wconf 86' lang='lat' dir='ltr'><em>tranqu.</em></span> <span class='ocrx_word' id='word_1_334' title='bbox 835 3748 861 3819; x_wconf 95' lang='lat'>1,</span> <span class='ocrx_word' id='word_1_335' title='bbox 893 3749 907 3803; x_wconf 93' lang='grc'>1.</span> <span class='ocrx_word' id='word_1_336' title='bbox 938 3752 1047 3818; x_wconf 75' lang='lat' dir='ltr'><em>retacta,</em></span> <span class='ocrx_word' id='word_1_337' title='bbox 1076 3747 1110 3803; x_wconf 81' lang='lat' dir='ltr'><em>lu</em></span> <span class='ocrx_word' id='word_1_338' title='bbox 1137 3750 1234 3820; x_wconf 84' lang='lat' dir='ltr'><em>aperta</em></span> <span class='ocrx_word' id='word_1_339' title='bbox 1256 3745 1365 3818; x_wconf 79' lang='lat' dir='ltr'><em>puella,</em></span> <span class='ocrx_word' id='word_1_340' title='bbox 1395 3762 1469 3818; x_wconf 87' lang='grc'>5555</span> 
     </span>
     <span class='ocr_line' id='line_1_35' title="bbox 294 3835 1467 3910; baseline -0.001 -19"><span class='ocrx_word' id='word_1_341' title='bbox 294 3854 387 3892; x_wconf 87' lang='lat' dir='ltr'><em>mauu</em></span> <span class='ocrx_word' id='word_1_342' title='bbox 400 3835 576 3910; x_wconf 79' lang='lat' dir='ltr'><em>pranderem.</em></span> <span class='ocrx_word' id='word_1_343' title='bbox 603 3836 630 3908; x_wconf 93' lang='lat'>2,</span> <span class='ocrx_word' id='word_1_344' title='bbox 650 3838 665 3894; x_wconf 97' lang='lat'>7</span> <span class='ocrx_word' id='word_1_345' title='bbox 683 3835 833 3892; x_wconf 72' lang='lat' dir='ltr'><em>ululabiles</em></span> <span class='ocrx_word' id='word_1_346' title='bbox 847 3836 1027 3910; x_wconf 78' lang='lat' dir='ltr'><em>mobilesque.</em></span> <span class='ocrx_word' id='word_1_347' title='bbox 1055 3838 1081 3908; x_wconf 92' lang='lat'>7,</span> <span class='ocrx_word' id='word_1_348' title='bbox 1103 3837 1120 3892; x_wconf 95' lang='lat'>2</span> <span class='ocrx_word' id='word_1_349' title='bbox 1139 3840 1220 3890; x_wconf 76' lang='lat' dir='ltr'><em>taetre</em></span> <span class='ocrx_word' id='word_1_350' title='bbox 1235 3839 1467 3908; x_wconf 68' lang='lat' dir='ltr'><em>spectatumque.</em></span> 
     </span>
     <span class='ocr_line' id='line_1_36' title="bbox 297 3921 1471 3999; baseline -0.006 -15"><span class='ocrx_word' id='word_1_351' title='bbox 297 3925 323 3996; x_wconf 90' lang='lat'>7,</span> <span class='ocrx_word' id='word_1_352' title='bbox 342 3927 359 3983; x_wconf 83' lang='lat' dir='ltr'><em>u</em></span> <span class='ocrx_word' id='word_1_353' title='bbox 385 3925 479 3981; x_wconf 76' lang='lat' dir='ltr'><em>tristes</em></span> <span class='ocrx_word' id='word_1_354' title='bbox 502 3929 527 3981; x_wconf 89' lang='lat' dir='ltr'>et</span> <span class='ocrx_word' id='word_1_355' title='bbox 551 3925 653 3982; x_wconf 85' lang='lat' dir='ltr'><em>amala</em></span> <span class='ocrx_word' id='word_1_356' title='bbox 668 3924 857 3998; x_wconf 78' lang='lat' dir='ltr'><em>claplaraulae,</em></span> <span class='ocrx_word' id='word_1_357' title='bbox 883 3925 989 3999; x_wconf 76' lang='lat' dir='ltr'><em>quibus</em></span> <span class='ocrx_word' id='word_1_358' title='bbox 1004 3925 1088 3980; x_wconf 90' lang='lat' dir='ltr'><em>uulla</em></span> <span class='ocrx_word' id='word_1_359' title='bbox 1103 3943 1165 3980; x_wconf 89' lang='grc'>555</span> <span class='ocrx_word' id='word_1_360' title='bbox 1183 3941 1272 3979; x_wconf 73' lang='lat' dir='ltr'><em>rausa</em></span> <span class='ocrx_word' id='word_1_361' title='bbox 1292 3923 1326 3978; x_wconf 84' lang='lat' dir='ltr'><em>lu</em></span> <span class='ocrx_word' id='word_1_362' title='bbox 1341 3921 1471 3997; x_wconf 78' lang='lat' dir='ltr'><em>querelae</em></span> 
     </span>
     <span class='ocr_line' id='line_1_37' title="bbox 289 4011 1466 4088; baseline -0.003 -17"><span class='ocrx_word' id='word_1_363' title='bbox 289 4013 388 4088; x_wconf 82' lang='lat' dir='ltr'><em>plaeel.</em></span> <span class='ocrx_word' id='word_1_364' title='bbox 422 4014 458 4070; x_wconf 89' lang='grc'>(15</span> <span class='ocrx_word' id='word_1_365' title='bbox 481 4013 581 4071; x_wconf 85' lang='lat' dir='ltr'><em>brevit.</em></span> <span class='ocrx_word' id='word_1_366' title='bbox 607 4015 634 4087; x_wconf 96' lang='lat'>2,</span> <span class='ocrx_word' id='word_1_367' title='bbox 659 4015 677 4070; x_wconf 92' lang='lat'>2</span> <span class='ocrx_word' id='word_1_368' title='bbox 706 4032 779 4087; x_wconf 84' lang='grc'>5555</span> <span class='ocrx_word' id='word_1_369' title='bbox 807 4019 831 4070; x_wconf 87' lang='grc'>51</span> <span class='ocrx_word' id='word_1_370' title='bbox 854 4015 1025 4071; x_wconf 67' lang='grc'>5555551555</span> <span class='ocrx_word' id='word_1_371' title='bbox 1049 4019 1073 4070; x_wconf 89' lang='lat' dir='ltr'>at</span> <span class='ocrx_word' id='word_1_372' title='bbox 1097 4013 1154 4070; x_wconf 81' lang='lat' dir='ltr'>sibl</span> <span class='ocrx_word' id='word_1_373' title='bbox 1177 4012 1338 4086; x_wconf 73' lang='lat' dir='ltr'><em>cllsplreaus.</em></span> <span class='ocrx_word' id='word_1_374' title='bbox 1372 4011 1420 4083; x_wconf 86' lang='lat'>10,</span> <span class='ocrx_word' id='word_1_375' title='bbox 1447 4013 1466 4068; x_wconf 85' lang='lat'>5</span> 
     </span>
     <span class='ocr_line' id='line_1_38' title="bbox 294 4102 598 4178; baseline 0.01 -20"><span class='ocrx_word' id='word_1_376' title='bbox 294 4121 409 4160; x_wconf 79' lang='lat' dir='ltr'><em>seuerae</em></span> <span class='ocrx_word' id='word_1_377' title='bbox 431 4107 456 4159; x_wconf 93' lang='lat' dir='ltr'>et</span> <span class='ocrx_word' id='word_1_378' title='bbox 479 4102 598 4178; x_wconf 79' lang='lat' dir='ltr'><em>quietae.</em></span> 
     </span>
    </p>
   </div>
   <div class='ocr_carea' id='block_1_6' title="bbox 385 4311 1469 4384">
    <p class='ocr_par' dir='ltr' id='par_1_7' title="bbox 385 4311 1469 4384">
     <span class='ocr_line' id='line_1_39' title="bbox 385 4311 1469 4384; baseline -0.003 -19"><span class='ocrx_word' id='word_1_379' title='bbox 385 4313 461 4380; x_wconf 82' lang='grc'>1).(15</span> <span class='ocrx_word' id='word_1_380' title='bbox 481 4313 627 4384; x_wconf 87' lang='lat' dir='ltr'><em>asyndeto</em></span> <span class='ocrx_word' id='word_1_381' title='bbox 647 4313 729 4384; x_wconf 84' lang='lat' dir='ltr'><em>apud</em></span> <span class='ocrx_word' id='word_1_382' title='bbox 749 4311 894 4368; x_wconf 83' lang='lat' dir='ltr'><em>Senecam</em></span> <span class='ocrx_word' id='word_1_383' title='bbox 921 4312 957 4366; x_wconf 83' lang='grc'>51.</span> <span class='ocrx_word' id='word_1_384' title='bbox 977 4312 1175 4382; x_wconf 80' lang='lat' dir='ltr'><em>Rauselming</em></span> <span class='ocrx_word' id='word_1_385' title='bbox 1194 4312 1212 4365; x_wconf 94' lang='lat' dir='ltr'>l.</span> <span class='ocrx_word' id='word_1_386' title='bbox 1233 4327 1257 4364; x_wconf 89' lang='grc'>5.</span> <span class='ocrx_word' id='word_1_387' title='bbox 1281 4325 1351 4381; x_wconf 77' lang='lat' dir='ltr'>pag.</span> <span class='ocrx_word' id='word_1_388' title='bbox 1373 4313 1404 4362; x_wconf 89' lang='lat'>18</span> <span class='ocrx_word' id='word_1_389' title='bbox 1424 4325 1469 4380; x_wconf 86' lang='lat' dir='ltr'>sq.</span> 
     </span>
    </p>
   </div>
   <div class='ocr_carea' id='block_1_7' title="bbox 0 0 1612 5218">
    <p class='ocr_par' dir='ltr' id='par_1_8' title="bbox 0 0 1612 5218">
     <span class='ocr_line' id='line_1_40' title="bbox 0 0 1612 5218; baseline 0 0"><span class='ocrx_word' id='word_1_390' title='bbox 0 0 1612 5218; x_wconf 95' lang='lat' dir='ltr'> </span> 
     </span>
    </p>
   </div>
  </div>
 </body>
</html>
