3216 5218
782 422 977 480 ,g-

293 617 402 676 Bionea
425 622 633 693 exposuerunt,
656 617 714 675 ism
740 617 863 692 singula,
887 635 962 693 quae
985 617 1102 692 propris
1125 616 1261 675 videntur
1282 635 1348 676 esse
1363 616 1464 676 Bionei

294 706 444 780 sermonis,
477 715 648 782 componam
673 706 876 783 exemplisque
896 723 924 765 ¹e
955 706 1063 765 libellis
1098 723 1171 782 quos
1206 716 1295 782 supra
1329 705 1464 776 indicavi,

293 797 494 870 comprobabo.
540 793 604 868 Qua
631 795 659 853 in
688 813 720 854 re
747 813 805 854 non
833 813 943 865 vereor,
975 813 1012 854 ne
1042 795 1115 853 mihi
1145 813 1274 871 opponas
1305 795 1465 871 compluria

294 903 395 943 eorum
419 889 550 960 quaeat
575 884 692 960 propria
715 885 815 944 Bionei
840 885 982 943 sermoniS
1005 885 1126 943 afferam
1150 903 1206 942 non
1232 885 1363 943 solum
1387 884 1465 960 apud

294 974 482 1032 diatribarum
512 979 646 1034 auctores
677 973 810 1046 inveniri,
843 975 895 1032 sed
925 973 1012 1032 etiam
1043 974 1122 1050 apud
1154 974 1311 1050 scriptores
1342 975 1378 1032 ab
1410 974 1466 1032 hoc

295 1063 462 1128 litterarum
495 1081 602 1138 genere
637 1063 757 1122 alienos.
795 1063 933 1140 ¹Nempe
964 1064 1020 1121 hoc
1052 1063 1258 1138 gravissimum
1290 1068 1351 1136 est,
1386 1063 1463 1139 quod

294 1152 404 1210 multae
427 1151 495 1210 illae
518 1153 673 1228 variaeque
696 1151 832 1211 dictionis
856 1152 1049 1228 proprietatos
1072 1171 1145 1228 quae
1166 1152 1337 1227 singillatim
1353 1151 1465 1228 positae

296 1243 421 1300 fortasse
444 1241 510 1299 miri
533 1259 590 1299 non
613 1241 741 1300 multum
764 1241 881 1315 habent,
905 1259 1005 1300 omnes
1027 1260 1101 1300 una
1124 1241 1154 1298 in
1177 1241 1281 1300 eodem
1303 1241 1465 1300 litterarum

295 1349 402 1406 genere
437 1336 563 1389 exstant.
620 1330 772 1389 Praeterea
805 1336 904 1389 autem
938 1331 976 1388 ad
1011 1330 1070 1389 stili
1108 1331 1220 1389 colores
1258 1331 1466 1407 exprimendos

296 1420 426 1478 nonnihil
450 1420 528 1478 valet
551 1419 715 1496 frequentia
738 1437 796 1496 qua
819 1425 889 1478 sunt
912 1420 1042 1478 adhibiti.
1088 1419 1222 1496 Denique
1245 1418 1372 1495 plurima
1391 1438 1466 1496 quae

295 1508 343 1567 bic
359 1527 513 1584 congeram
529 1509 618 1568 etiam
632 1509 751 1583 cynicis
768 1509 817 1585 qui
834 1509 997 1584 praeierant
1006 1509 1099 1582 Bioni,
1118 1527 1172 1568 neo
1187 1509 1284 1567 minus
1300 1509 1466 1568 comoediae

295 1598 455 1674 peculiaria
465 1616 531 1657 esse
541 1597 622 1657 scito.
634 1597 760 1657 Secutus
768 1601 845 1656 enim
854 1603 900 1656 est
909 1597 961 1656 Bio
970 1633 1007 1642 -
1016 1598 1094 1674 quod
1101 1598 1220 1657 minime
1230 1615 1298 1656 sane
1308 1598 1414 1657 minim
1426 1633 1464 1642 —

296 1687 472 1746 vetustiores
496 1687 621 1761 cynicos,
645 1706 703 1764 qua
716 1679 757 1746 ¹re
780 1687 946 1763 explicatur
968 1687 998 1746 id
1023 1705 1146 1764 quoque,
1171 1687 1248 1764 quod
1269 1687 1371 1746 eadem
1388 1687 1466 1746 dicta

296 1794 352 1834 non
392 1795 455 1834 raro
493 1781 524 1835 et
563 1776 648 1834 Bioni
687 1775 896 1835 adscribuntur
934 1782 964 1835 et
1002 1776 1123 1852 Diogeni
1169 1777 1216 1835 vel
1255 1776 1430 1835 Antistheni.
1445 1775 1466 1852 1)

297 1865 453 1924 Comoedia
480 1871 578 1924 autem
605 1866 731 1942 prImum
756 1870 787 1924 et
815 1865 1044 1941 grandissimum
1072 1865 1188 1940 generis
1212 1859 1467 1943 σπονόογελοίοε

296 1955 465 2030 exemplum
489 1955 547 2013 suit
567 1961 597 2013 et
619 1955 696 2013 inter
718 1954 791 2013 alios
813 1955 931 2029 cynicos
944 1956 966 2032 2)
990 1955 1079 2014 etiam
1095 1955 1181 2014 Teles
1204 1973 1241 2013 ex
1258 1955 1308 2013 ills
1324 1955 1468 2032 prompsit

296 2044 466 2120 compluria.
512 2043 650 2120 Exempli
674 2044 767 2120 gratia
790 2062 866 2120 quae
889 2044 1010 2120 exponit
1033 2046 1084 2114 32,
1110 2047 1127 2102 5
1153 2063 1196 2120 sq.
1233 2045 1270 2102 de
1300 2044 1466 2103 bominibus

297 2133 405 2190 maiora
429 2151 544 2208 semper
566 2133 752 2208 cupientibus
768 2151 864 2209 nsque
886 2134 925 2191 ad
948 2135 1036 2192 verba
1059 2127 1087 2195 εἰ
1113 2129 1147 2194 δὲ
1170 2128 1224 2194 καὶ
1249 2133 1345 2195 τοῦτο
1368 2127 1465 2212 τύχοι,

297 2211 397 2302 οἶμαι,
414 2219 466 2282 ἵνα
483 2222 562 2296 Ζεῦς
577 2218 705 2305 γένηται
722 2217 918 2306 ἐπιθυμήσει
934 2224 970 2282 ab
990 2223 1054 2298 ipso
1071 2222 1170 2281 Telete
1193 2222 1306 2280 adiecta
1329 2223 1468 2280 debentur

297 2311 426 2387 Diphilo,
448 2311 479 2368 id
496 2312 574 2387 quod
589 2311 741 2387 perspexit
757 2311 829 2370 Birt.
842 2311 865 2387 ³)
895 2313 939 2370 De
962 2313 1026 2388 ipso
1043 2329 1111 2370 vero
1126 2311 1225 2385 Riobe,
1249 2311 1299 2387 qui
1316 2311 1468 2369 dicebatur

297 2393 474 2481 θεατρικός,
484 2399 507 2477 ⁴)
532 2400 635 2459 eadem
657 2418 706 2458 res
730 2401 928 2460 demonstrata
952 2405 998 2460 est
1020 2401 1056 2458 ab
1073 2398 1225 2478 Hensio.⁵)
1266 2399 1358 2458 Velut
1381 2401 1468 2458 verba

297 2508 372 2564 quae
395 2488 496 2547 laudat
519 2489 601 2564 Diog.
625 2489 721 2549 Laert.
746 2489 790 2548 IV
814 2492 852 2549 51
878 2485 924 2574 μὴ
948 2488 1014 2552 δεῖν
1039 2479 1265 2560 &oradicavit
1288 2489 1395 2574 γῆρας,
1421 2483 1467 2562 εἰς

297 2571 315 2640 ὅ
330 2572 450 2652 πάντες
465 2569 626 2659 εὐχόμεθα
648 2575 755 2641 ἐλθεῖν
770 2597 828 2638 non
845 2579 906 2638 sine
922 2579 1088 2638 comoediae
1103 2578 1301 2638 recordatione
1316 2578 1467 2654 scripsisse

296 2667 415 2726 Blonem
428 2686 530 2726 omnes
544 2668 655 2726 Hensio
667 2669 834 2742 concedent,
853 2669 905 2746 qui
922 2669 1002 2727 locos
1015 2686 1089 2744 quos
1106 2668 1157 2726 ille
1174 2669 1261 2727 affert
1277 2687 1343 2744 pag.
1356 2667 1468 2748 LXXV

296 2756 486 2832 inspexerint.

386 2845 443 2905 Sed
466 2847 525 2904 iam
548 2847 585 2904 ad
607 2847 791 2922 propositum
814 2847 972 2905 veniamus.
1018 2847 1063 2904 Ita
1084 2851 1184 2904 alitem
1206 2864 1253 2904 me
1269 2864 1331 2904 rem
1349 2845 1468 2904 institu-

297 2942 397 2993 turum
422 2953 532 3009 moneo,
556 2941 589 2993 ut
611 2953 664 3011 per
686 2936 815 3012 capitula
839 2935 1055 2996 observationes
1079 2935 1252 2993 distribuam
1268 2935 1468 2994 numeratione

297 3024 437 3100 apposita.

866 3159 898 3230 1.

386 3310 523 3384 Vulgaris
555 3309 673 3386 quidem
707 3308 850 3368 sermonis
878 3308 958 3368 color
986 3307 1096 3384 optime
1130 3308 1315 3383 cognoscitur
1342 3326 1358 3366 e
1386 3307 1469 3383 copia

298 3400 461 3458 verborum.
508 3399 622 3457 Etenim
646 3399 791 3474 permulta
822 3402 980 3456 occurrunt
1010 3397 1160 3469 vocabula,
1192 3415 1266 3473 quae
1296 3395 1469 3455 cottidianae
1527 3407 1529 3414 '

298 3489 375 3546 vitae
405 3493 503 3546 notam
533 3506 602 3564 prae
633 3506 664 3547 se
694 3489 800 3546 lerunt.
846 3487 975 3545 Primum
1004 3486 1095 3562 igitur
1122 3485 1376 3544 commemoranda
1400 3490 1471 3543 sunt

298 3596 339 3643 ea,
364 3595 407 3635 ex
436 3595 558 3654 quorum
586 3578 713 3634 forma
740 3577 892 3652 vulgarem
923 3594 1008 3634 usum
1037 3577 1096 3633 iam
1120 3575 1188 3634 licet
1211 3592 1393 3650 cognoscere,
1425 3574 1468 3632 in-

278 3829 281 3835 .
390 3788 408 3854 ¹)
428 3789 602 3843 Dnemmler
628 3763 867 3853 „Antisthenicsr‘
888 3803 959 3856 pag.
980 3791 1022 3854 69,
1041 3787 1143 3840 Hense
1162 3786 1225 3839 Tel.
1240 3801 1310 3855 pag.
1330 3785 1415 3842 XLII
1428 3801 1470 3854 sq.

388 3857 408 3926 ²)
428 3862 463 3913 cf.
483 3860 604 3914 Norden
623 3862 654 3913 in
673 3859 833 3913 annalibus
853 3859 953 3929 philol.
973 3859 1071 3928 suppl.
1083 3856 1183 3910 XVIII
1202 3873 1273 3926 pag.
1287 3860 1339 3909 270
1359 3857 1428 3910 adn.
1447 3861 1469 3924 l,

299 3935 350 3982 335
370 3931 558 4073 allullipides,
590 4005 657 4056 eine
684 4001 789 4057 Studio
812 4018 866 4055 zur
891 4000 998 4055 Gesch.
1028 4000 1080 4054 der
1107 3999 1349 4069 griech.Poesie.
1377 3999 1470 4052 Marb.

300 4077 365 4126 1881
387 4078 519 4215 ilailitigi.
529 4144 629 4199 Laert.
643 4145 683 4201 IV
698 4147 740 4196 52.
780 4143 828 4197 Ad
846 4144 1080 4214 prosopopoeiae
1100 4144 1287 4211 potissImum
1306 4157 1395 4196 usum
1415 4143 1470 4195 hoe

298 4217 415 4270 rettulit
435 4216 625 4270 Wacbmuth.
645 4217 758 4285 sillogr.
779 4231 850 4285 pag.
870 4218 903 4267 to
923 4231 965 4283 sq.

389 4287 409 4347 ⁶)
430 4288 493 4341 Tel.
515 4304 585 4358 pag.
605 4287 715 4341 XLVII
735 4303 776 4355 sq.
807 4285 877 4340 LIX
897 4287 964 4339 adn.
996 4284 1114 4352 LXXV,
1138 4285 1205 4339 CIII
1228 4300 1268 4356 sq.
