3216 5218
792 431 1010 486 -14.„

310 625 384 684 Plut.
403 627 439 683 de
457 635 570 701 tranqu.
588 626 660 697 212,
675 626 714 682 23
732 620 823 702 ὁγὰρ
836 622 928 702 ἐχθὲς
951 621 1000 702 ᾠὰ
1018 622 1070 683 καὶ
1082 622 1197 702 ἀμύλια
1211 671 1216 682 .
1231 672 1236 682 .
1251 622 1480 686 διαπτύων...

416 713 528 773 Similis
561 718 605 772 est
636 714 815 770 inurbanitas
843 715 880 770 (le
913 712 979 770 virt.
1010 717 1040 770 et
1063 713 1112 770 vit.
1139 715 1211 784 247,
1246 715 1283 771 11
1317 713 1376 793 οὐχ
1406 713 1480 794 ὁρᾶς

416 800 487 869 τοὺς
519 806 687 867 νοσοῦντας
720 799 765 860 ὅτι
796 805 860 860 τῶν
891 799 1073 880 βρωμάτων
1100 799 1136 860 τὰ
1165 799 1388 879 καδαριώτατα
1414 850 1419 861 .
1444 850 1450 861 .
1474 850 1479 860 .

417 889 651 971 δυσχεραίνουσι
674 888 727 949 καὶ
751 887 940 948 διαπτύουσι.

310 981 403 1056 Epiot.
417 981 446 1038 ΙΙ
464 983 513 1053 16,
534 982 571 1038 13
589 979 684 1058 εὔχου
697 983 752 1038 νῦν
764 978 956 1057 καθήμενος,
973 977 1062 1045 ὅπως
1078 978 1110 1037 αἱ
1124 977 1220 1056 μύξαι
1232 1000 1290 1038 σου
1302 976 1346 1058 μὴ
1360 978 1479 1057 ῥέωσιν.

412 1067 587 1147 Ἀπομύξαι
609 1066 736 1146 μᾶλλον.

398 1159 548 1217 Pertinent
575 1159 634 1216 huo
662 1175 718 1214 non
747 1175 839 1232 pauca
867 1157 897 1214 in
921 1156 1032 1214 Horatii
1062 1163 1113 1214 sat.
1137 1155 1228 1232 l2,1)
1256 1157 1285 1214 in
1313 1175 1371 1233 qna
1400 1158 1480 1231 oyni-

310 1266 408 1306 eorum
434 1266 513 1305 more
537 1245 770 1325 φορτικώτερον
802 1246 838 1304 de
861 1247 946 1303 rebus
971 1245 1103 1302 venereis
1127 1246 1224 1320 agitur
1255 1246 1301 1319 (ef.
1326 1265 1350 1303 e.
1375 1265 1417 1322 gr.
1435 1267 1479 1304 vv.

313 1339 362 1408 ao,
387 1338 437 1407 27,
462 1338 512 1405 30,
537 1339 587 1406 35,
613 1337 663 1399 ao,
687 1336 738 1407 44,
764 1337 814 1407 oe,
841 1336 911 1407 rio,
939 1336 1009 1398 118,
1036 1334 1117 1410 133).

398 1426 463 1482 Alia
496 1425 583 1482 huius
606 1425 648 1482 rei
679 1423 815 1498 exempla
847 1423 934 1480 simul
964 1423 1088 1498 insignia
1117 1428 1186 1481 sunt
1216 1424 1343 1482 dictione
1375 1426 1480 1500 hyper-

310 1515 412 1587 bolica,
437 1515 519 1572 velut

310 1603 370 1661 Tel.
399 1605 446 1675 19,
481 1607 497 1661 7
524 1601 595 1662 οὐδ’
631 1601 659 1661 εἰ
679 1599 925 1680 κωπηλατοῦντα
950 1598 1198 1679 διαρῥήγνυσδαι
1223 1599 1287 1661 δέοι
1313 1637 1351 1644 -—
1388 1603 1479 1674 29,4

416 1693 455 1751 ἂν
477 1691 630 1771 πρότερον
653 1690 753 1750 πίνων
778 1687 956 1768 διαρραγείη
981 1691 1000 1768 ἢ
1024 1689 1176 1749 παύσαιτο
1199 1695 1253 1750 τοῦ
1279 1689 1399 1770 δίψους.

311 1781 403 1856 Epist.
428 1781 471 1839 Ill
497 1783 547 1852 26,
573 1784 590 1838 5
617 1778 838 1857 διαρῥαγέντας
864 1776 923 1838 ὑπὸ
948 1777 1093 1856 (inspicior
1117 1777 1170 1838 καὶ
1191 1778 1338 1858 prenge)

880 1969 906 2038 6

399 2100 521 2160 Omnino
546 2120 614 2160 vero
638 2101 818 2177 hyperbolen
844 2119 931 2176 saepe
948 2102 976 2159 in
995 2101 1126 2158 diatribis
1137 2102 1283 2159 observari
1297 2121 1352 2160 non
1367 2103 1480 2160 mirum.

312 2192 437 2250 Maxime
466 2192 542 2250 enim
572 2197 618 2249 est
640 2191 745 2248 idonea
768 2191 804 2248 ad
830 2191 989 2248 movendos
1013 2190 1124 2266 vulgi3)
1153 2196 1182 2248 ot
1204 2191 1339 2249 iuvenum
1361 2192 1480 2249 animos.

400 2281 475 2340 Sunt
491 2281 566 2339 enim
584 2281 762 2355 hyperbolae
777 2277 1003 2358 μειρακιώδεις.
1021 2281 1055 2338 el.
1071 2280 1219 2338 Aristotel.
1234 2281 1352 2338 Rhetor.
1368 2281 1414 2338 ΙΙΙ
1434 2282 1481 2338 11.

309 2392 341 2428 π.
356 2369 461 2448 ὕψους
477 2388 542 2445 pag.
564 2372 614 2442 58,
633 2371 651 2428 3
670 2368 794 2427 Vahlen.
824 2369 961 2427 Ceterum
980 2373 1094 2427 oonstat
1111 2367 1243 2428 Teletem
1260 2369 1482 2428 commentarios
1521 2359 1523 2364 ¹

312 2477 388 2533 suos,
411 2477 536 2536 quorum
558 2458 697 2516 nonnulla
718 2459 803 2516 nobis
827 2459 956 2516 servavit
979 2458 1160 2533 epitomator,
1183 2459 1261 2534 apud
1278 2458 1482 2517 adulescentes

311 2549 457 2607 recitasse.
494 2549 530 2606 of.
550 2547 743 2605 Wilamowitz
765 2547 782 2604 l.
806 2565 829 2604 o.
850 2566 916 2622 pag.
940 2548 1002 2605 366
1027 2565 1070 2622 sq.
1108 2546 1206 2605 Hense
1228 2546 1287 2606 Tel.
1308 2566 1374 2623 pag.
1397 2547 1482 2605 XXX

311 2656 353 2713 sq.
378 2637 511 2696 Fortasse
523 2637 614 2712 igitur
626 2637 703 2694 idem
718 2637 753 2693 de
766 2636 860 2712 ipsius
871 2635 969 2693 Bionis
982 2635 1114 2693 diatribis
1127 2636 1195 2693 lieet
1207 2636 1345 2694 oonioere.
1369 2637 1483 2712 Nempe

313 2727 446 2784 universa
470 2744 569 2784 earum
593 2725 706 2784 indoles
729 2725 765 2782 ad
791 2721 949 2803 γραφικὴν
972 2722 1052 2793 λέξιν
1081 2724 1177 2782 minus
1200 2726 1318 2782 videtur
1340 2725 1482 2801 pertinere

310 2835 398 2891 quam
421 2816 460 2872 ad
484 2815 614 2872 vividum
639 2815 735 2889 potius
760 2832 923 2870 sermonem
946 2819 1047 2888 aptum
1070 2813 1306 2871 adulescentulis

401 2904 615 2980 Nonnunquam
629 2904 718 2960 etiam
735 2903 866 2977 proxime
881 2903 963 2960 abest
976 2921 992 2959 a
1004 2899 1123 2980 γελοίῳ,
1139 2920 1228 2977 qnare
1242 2900 1372 2980 μάλιστα
1387 2901 1440 2962 καὶ
1454 2902 1484 2962 οῖ

311 2990 541 3071 κωμῳδοποιοὶ
564 2995 700 3071 χρῶνται
725 2989 810 3070 αὐτῇ.
850 2991 973 3048 Demetr.
998 2991 1035 3048 de
1058 2991 1161 3048 elocut.
1191 2993 1261 3050 126.
1297 2992 1371 3050 Vide
1394 2992 1485 3066 igitur

311 3082 373 3140 Tel.
400 3083 450 3155 25,
477 3084 491 3139 1
523 3079 619 3140 πλείω
648 3079 678 3140 οἱ
703 3084 765 3158 μῦς
788 3078 986 3139 κατεσθίουσι
1009 3077 1062 3138 καὶ
1096 3078 1126 3138 οἳ
1147 3078 1313 3158 μύρμηκες
1346 3081 1364 3159 ἢ
1389 3079 1483 3139 αὐτοί.

419 3173 469 3243 32,
497 3172 533 3228 11
569 3169 597 3230 εἰ
623 3167 657 3228 δὲ
685 3167 738 3228 καὶ
761 3167 871 3228 τούτου
895 3167 994 3247 τύχοι,
1032 3165 1126 3246 οἶμαι,
1160 3168 1207 3227 ἵνα
1241 3167 1321 3236 Ζεῦς
1354 3169 1483 3249 γένηται,
1524 3200 1529 3208 ·

418 3258 614 3338 ἐπιθυμήσει.
648 3261 699 3330 41,
725 3260 742 3316 3
777 3255 845 3316 ἀλλ’
881 3256 983 3337 οὐκέτι
1017 3256 1106 3316 ἔσται.
1151 3294 1190 3300 -
1238 3255 1321 3318 Οὐδὲ
1355 3256 1414 3336 γὰρ
1445 3255 1484 3336 ἦν

418 3345 586 3428 μυριοστὸν
610 3347 676 3413 ἔτος
700 3344 772 3406 οὐδ’
799 3344 847 3406 ἐπὶ
870 3350 933 3405 τῶν
959 3343 1121 3424 Τρωικῶν.

313 3439 387 3496 Plut.
419 3438 455 3495 de
487 3456 551 3513 oup.
583 3437 663 3494 divit.
689 3438 761 3506 363,
793 3438 810 3493 3
836 3439 925 3494 τοῦτο
957 3433 987 3494 δ’
1024 3433 1083 3494 οὐκ
1115 3435 1175 3495 ἔστι
1207 3432 1370 3504 παιδεύειν,
1407 3433 1483 3494 ἀλλὰ

419 3524 588 3586 συστέλλειν
611 3523 664 3584 καὶ
688 3522 898 3602 ἀπορῥάπτειν
922 3522 1029 3602 ὥσπερ
1052 3521 1242 3601 βαλλάντιον.

419 3616 456 3674 de
469 3623 581 3691 tranqu.
591 3616 663 3685 221,
675 3615 713 3671 27
730 3612 759 3672 οἱ
771 3611 805 3672 δὲ
815 3611 948 3691 βασιλεῖς
959 3610 1030 3678 τούς
1042 3610 1484 3690 δεούςωαδ.εὐδαιμονίζουσι)

405 3789 422 3854 ¹)
443 3793 472 3840 ot
493 3789 547 3840 hae
568 3787 686 3856 quidem
708 3787 869 3855 praecipue
883 3785 1006 3850 Bionea,
1026 3791 1059 3838 ut
1076 3785 1176 3838 docuit
1191 3785 1304 3838 Heiune
1326 3786 1380 3852 „de
1395 3787 1484 3839 Hor.“

242 3897 243 3902 =
313 3878 382 3930 pag.
403 3863 435 3910 22
457 3875 498 3928 eq.

403 3931 423 3997 ²)
453 3931 562 3986 Similis
593 3930 703 3982 locutio
730 3928 811 3996 apud
836 3927 1068 3980 Demosthenem
1094 3928 1130 3980 de
1150 3944 1208 3980 eor.
1233 3931 1264 3978 21
1288 3921 1351 3980 οὐδ’
1376 3922 1425 3978 ἐὰν
1450 3923 1482 3978 σί

313 4004 461 4076 διαρραγῇς
482 3995 659 4072 ψευδόμενος.

404 4073 423 4139 ³)
448 4075 484 4126 of.
505 4072 627 4134 Quintil.
648 4071 714 4123 Vlll
738 4074 762 4134 6,
778 4073 810 4121 75
835 4073 877 4121 est
903 4073 1003 4121 utilem
1029 4068 1061 4122 ι’τι
1087 4085 1143 4121 uso
1167 4071 1258 4138 υυλρο
1283 4071 1356 4130 (soil.
1381 4071 1485 4140 hyper-

314 4147 391 4210 bole)
419 4160 535 4214 quinque
560 4147 587 4197 et
611 4142 693 4196 inter
718 4140 890 4194 ineruditos
916 4144 942 4192 et
968 4142 1053 4207 ‹rpiai
1081 4139 1223 4203 rusticos,
1247 4141 1387 4194 ‘videlicet
1411 4141 1485 4210 quin

313 4220 429 4269 natura
449 4220 493 4268 est
512 4213 652 4268 omnibus
672 4211 806 4282 appendi
825 4229 874 4264 res
897 4213 939 4264 rel
963 4210 1122 4264 σιιιιιιοιιάλ
1142 4211 1299 4279 cupiditas
1318 4211 1414 4266 insita
1432 4230 1486 4265 neo

314 4288 479 4356 pruisquam
498 4303 570 4339 uero
590 4288 747 4338 contentus
766 4286 816 4336 est.
