3216 5218
635 471 855 528 ..19-

717 659 778 731 16.

251 792 336 852 Sicut
359 792 609 868 comparationum
633 791 673 850 ita
690 791 778 850 etiam
794 790 1020 850 translationum
1029 790 1048 863 ¹)
1072 790 1173 865 largus
1198 808 1268 848 usus
1294 797 1341 848 est

160 883 190 940 in
215 882 357 940 diatribis.
405 880 496 954 Quam
521 880 752 940 observationem
776 881 838 956 ipse
862 880 1017 938 confirmat
1040 879 1102 953 Βία,
1127 898 1215 956 quem
1241 897 1340 938 senec-

161 979 254 1030 tutcm
275 971 385 1029 scimus
397 970 509 1030 dixisse
526 968 705 1049 ripaeorum
723 973 844 1039 κακῶν,
862 969 980 1028 divitias
997 972 1091 1047 νεῦρα
1108 968 1339 1047 πραγμάτωνβ)

160 1058 355 1140 μητρόπολιν
379 1058 482 1146 πάσης
505 1059 619 1126 κακίας
641 1059 802 1117 avaritiam.
832 1059 868 1118 ci.
893 1059 977 1132 Βίοις.
993 1057 1091 1116 Laert.
1116 1056 1157 1114 IV
1183 1059 1234 1126 48,
1259 1057 1339 1116 Stoa.

161 1150 226 1208 flor.
250 1149 279 1208 X
304 1151 343 1208 37
374 1148 411 1208 Η.
469 1147 531 1207 Νεα
559 1149 668 1207 desunt
692 1147 781 1206 huius
809 1148 851 1206 rei
880 1147 1016 1223 exempla
1045 1147 1123 1222 apud
1152 1146 1252 1205 Bionci
1278 1165 1339 1204 ser-

161 1238 256 1297 monis
280 1237 451 1296 imitatores,
476 1237 542 1296 vide

161 1328 222 1386 Tel.
247 1328 297 1400 26,
326 1329 339 1385 1
367 1325 535 1407 ἐπιθυμῶν
559 1324 782 1406 στραγγεόεται.

161 1417 238 1475 Plut.
271 1416 308 1474 de
336 1435 403 1492 cup.
432 1415 512 1475 divit.
542 1417 616 1490 358,
647 1417 663 1474 7
702 1421 851 1495 πορισμῷ
878 1413 1117 1495 προστετηκότα.
1151 1415 1187 1473 cf.
1218 1414 1338 1473 Luciam

268 1505 373 1581 catapl.
401 1506 450 1563 14.
1104 1513 1106 1521 ⁴

161 1596 199 1654 de
216 1599 331 1671 tranqu.
349 1595 422 1668 236,
447 1595 486 1652 21
512 1590 624 1660 κενοὺς
642 1590 696 1653 καί
718 1597 773 1673 τῆς
796 1592 906 1672 αὔριον
930 1592 1197 1672 ἐκκρεμαμένους.
1223 1594 1295 1666 237,
1320 1597 1334 1651 1

268 1681 488 1763 ἐκκρέμασθαι
510 1685 566 1742 τοῦ
590 1681 745 1763 σώματος.
770 1684 843 1756 238,
869 1684 907 1742 13
932 1680 1014 1762 πρὸς
1036 1679 1092 1761 τὴν
1115 1681 1212 1762 τύχην
1236 1681 1336 1761 ἀνεῳ-

269 1771 336 1852 γόσι
358 1776 421 1839 τοῖς
445 1771 584 1851 ὄμμασιν
607 1770 805 1852 ἀντιβλέπειν.

161 1863 199 1922 de
223 1863 288 1921 virt
313 1867 343 1920 et
366 1861 418 1920 vit.
443 1862 517 1936 245,
543 1862 583 1920 18
610 1858 641 1940 (ἡ
665 1857 774 1940 κακία)
799 1865 862 1928 τοῖς
882 1857 1069 1940 σπλάγχνοις
1084 1865 1337 1941 προσπεφυκυῖα.

270 1952 342 2021 247,
370 1953 384 2009 1
411 1949 579 2030 φροντίδος
602 1949 808 2030 ἐκραγείσης..

161 2042 198 2100 de
221 2041 327 2100 curios,
353 2042 425 2113 335,
451 2041 490 2099 16
514 2037 568 2105 τάς
591 2037 754 2121 παρόδους
769 2044 823 2119 τῆς
838 2038 1147 2119 πολυπραγμοσύνης
1164 2039 1337 2120 ἔμφραξον.

271 2131 343 2205 339,
375 2131 413 2187 21
444 2133 541 2208 φεῦγε
568 2126 602 2189 τό
625 2127 773 2208 μελαῖνον
795 2133 886 2188 τοῦτο
910 2127 963 2189 καί
987 2127 1209 2207 συνιστάμενον
1232 2129 1337 2209 νέφος.

272 2220 344 2292 349,
371 2220 407 2277 11
435 2218 454 2298 ἡ
480 2216 514 2279 δὲ
538 2216 826 2298 συνδιαστρέφουσα
850 2215 906 2297 τὴν
928 2216 1037 2298 ψυχὴν
1060 2216 1265 2298 παράβλεψις.

163 2310 258 2385 Epict.
282 2308 313 2366 II
338 2310 388 2378 16,
418 2309 458 2366 10
487 2305 643 2388 φυσηθεὶς
666 2304 796 2386 ε’ξῆλθεν
898 2305 933 2367 τὸ
957 2306 1155 2387 φυσημάτιον
1184 2307 1336 2388 ἒκεντήθη

270 2395 323 2458 καί
349 2395 588 2477 προσεκάθισεν.
626 2398 667 2456 26
700 2395 832 2457 ἕλκυσον
863 2394 938 2464 δἐίς
969 2401 1079 2477 χρῆσιν
1111 2395 1164 2457 καὶ
1196 2397 1336 2478 εὑρήσεις

269 2485 403 2553 τάλανας
438 2485 604 2565 ναυαγούς.
639 2487 680 2545 39
718 2485 757 2546 οὐ
794 2484 895 2553 θέλεις
932 2484 1255 2566 ἀποναλακτισθῆναι,Ι
1292 2487 1336 2546 ΙΙΙ

272 2579 321 2649 26,
351 2578 391 2636 35
420 2573 460 2637 τὰ
496 2621 502 2634 .
525 2622 557 2635 ..
592 2573 646 2636 τὸν
676 2573 833 2655 τράχηλον
865 2574 1030 2656 ε’παίροντα
1059 2579 1123 2637 τῶν
1154 2598 1336 2637 τεταπεινω-

269 2665 386 2745 μένων,
408 2662 445 2724 τά
469 2663 657 2745 ἀντιβλέπειν
679 2669 828 2726 ποιοῦντα
851 2663 962 2743 ὀρθοῖς
984 2670 1048 2733 τοῖς
1061 2663 1242 2745 ὀφθαλμοῖς
1257 2663 1337 2746 πρὸς

270 2752 343 2822 τοὺς
365 2753 542 2822 πλουσίους.
567 2754 608 2812 IV
627 2757 654 2827 7,
675 2756 712 2813 13
739 2753 827 2814 πενία
850 2758 988 2834 τυχοῦσα
1007 2753 1107 2815 καλοῦ
1127 2753 1337 2834 nazoraiau-³)

164 2845 201 2904 cf.
226 2844 293 2902 Hor.
318 2850 370 2903 sat.
394 2844 409 2903 Ι
433 2845 461 2918 3,
488 2845 549 2902 122
582 2844 622 2902 Et
652 2843 771 2918 ικορυῖε
798 2862 889 2920 parvo
911 2844 1035 2903 minaris
1063 2845 1146 2902 Falce
1173 2845 1336 2904 νιειειινυυι

271 2934 367 2992 sanciti
390 2937 422 2991 tc.

254 3023 300 3080 nd
324 3020 454 3083 κυνικὸν
477 3019 595 3102 τρόπον
617 3022 740 3098 propius
763 3023 909 3081 accedunt
932 3021 1138 3081 translationes
1161 3022 1240 3099 apud
1261 3023 1337 3081 Plut.

165 3113 202 3171 (le
226 3131 292 3188 cup.
317 3111 399 3171 divit.
415 3113 488 3185 361,
514 3113 532 3170 9
556 3115 650 3171 ταῦτα
666 3109 747 3191 πρὸς
761 3109 817 3190 τὴν
833 3109 939 3191 ὀνώδη
957 3109 1010 3172 καί
1025 3110 1230 3192 μυρμηκώδη
1255 3111 1337 3189 λέγω

164 3201 278 3280 ταύτην
294 3198 523 3281 φιλοπλουτίαν.
550 3203 624 3274 357,
641 3202 682 3259 26
703 3198 757 3260 τὸν
777 3198 811 3261 δὲ
826 3198 923 3261 πλείω
943 3203 1007 3261 τῶν
1028 3201 1148 3262 ἱκανῶν
1164 3201 1273 3280 ἔχοντα
1291 3248 1297 3260 .
1312 3248 1338 3260 ..

165 3289 204 3351 οὐ
232 3290 360 3370 χρυσίον
388 3288 467 3350 ε’στὶν
496 3337 502 3348 .
525 3337 531 3348 .
559 3287 594 3349 τὸ
617 3287 797 3370 θεραπεῦον
822 3336 827 3348 .
848 3336 855 3348 .
878 3335 893 3363 .,
920 3288 986 3350 ἀλλ’
1013 3289 1146 3370 ἐκβολῆς
1170 3289 1262 3350 δεῖται
1285 3289 1339 3350 καὶ

166 3378 349 3460 καθαρμοῦ,
374 3398 432 3455 quo
455 3380 485 3437 in
508 3379 572 3437 loco
596 3380 700 3438 docere
724 3379 788 3437 vult
810 3379 987 3438 Plutarchus
1007 3385 1157 3456 tamquam
1178 3381 1339 3438 evomenda

166 3487 233 3528 esse
257 3487 472 3545 supervacanea
496 3468 621 3526 bibentis
645 3468 813 3544 exemplum
845 3469 934 3544 paulo
957 3473 1024 3528 ante
1046 3469 1169 3528 allatum
1193 3475 1338 3544 spectans,

725 3637 778 3710 11.

257 3769 394 3830 Ceterum
423 3771 479 3829 hac
500 3771 621 3842 ratione,
650 3775 684 3828 ut
711 3771 841 3847 exempli
871 3776 957 3829 antea
985 3772 1126 3847 propositi
1150 3772 1247 3847 imago
1271 3772 1341 3830 reti-

168 3865 279 3933 neatur,
303 3878 359 3918 non
383 3878 447 3918 raro
471 3860 574 3918 dicunt
596 3859 784 3918 diatribarum
801 3866 943 3918 auctores
978 3861 1067 3918 Velut
1083 3861 1160 3920 Piut.
1181 3862 1218 3919 de
1234 3862 1340 3919 curios

168 3949 198 4006 in
226 3949 309 4007 initio
342 3949 467 4025 legimus
510 3946 647 4009 Ἄπνουν
675 3948 694 4028 ἢ
723 3947 883 4028 σκοτεινὴν
911 3950 930 4028 ἢ
961 3947 1165 4029 δυσχείμερον
1193 3949 1294 4010 οἰκίαν
1322 3951 1341 4030 ἢ

261 4123 278 4188 ¹)
299 4123 336 4176 dc
355 4124 529 4192 cynicorum
549 4122 653 4174 transi.
683 4123 720 4175 cf.
740 4121 773 4174 E.
794 4121 904 4177 Weber
922 4138 993 4192 pag.
1015 4126 1063 4176 177
1084 4139 1128 4191 sq.

260 4193 280 4260 ⁷)
300 4194 420 4249 Scilicet
443 4194 504 4246 fieti
529 4193 695 4247 adversarii
721 4194 796 4247 haee
823 4198 893 4247 sunt
912 4195 1015 4262 verba,
1038 4210 1098 4247 non
1119 4195 1212 4263 ipsius
1231 4195 1343 4248 Bionis.

170 4267 208 4320 cf.
227 4266 328 4320 Hense
347 4265 411 4319 Tel.
431 4280 501 4334 pag.
520 4263 627 4317 LXIX.

259 4337 390 4402 ³)Vides
410 4337 574 4404 imaginem
594 4351 660 4389 esse
679 4336 823 4388 Bioneam
843 4336 880 4388 cf.
899 4336 963 4389 Tol.
982 4339 1007 4404 3,
1027 4340 1052 4388 2.
1071 4340 1114 4405 40,
1135 4340 1160 4387 2.

1238 4445 1272 4494 28
