3216 5218
609 424 827 482 -63-

131 620 192 699 ἔφη
225 618 288 680 δεῖν
319 617 373 686 τὰς
407 617 511 686 πόλεις
539 623 667 697 κοσμεῖν
700 617 760 678 οὐκ
793 617 1003 698 ἀναθήμασιν,
1037 615 1113 678 ἀλλὰ
1145 622 1210 685 ταῖς
1240 621 1305 678 τῶν

131 707 304 769 οἰκούντων
328 708 456 787 ἀρεταῖς.

221 832 275 890 His
290 832 408 908 quidem
427 832 568 907 expositis
585 831 788 906 intellegemus
812 832 940 904 tandem,
965 831 1110 908 quomodo
1126 831 1234 889 factum
1259 833 1305 905 sit,

133 927 167 980 ut
190 941 258 980 cum
281 921 407 980 Senecae
440 921 609 996 disputandi
640 921 753 979 ratione
781 927 842 978 tam
866 921 938 978 mire
961 926 1102 995 congruat
1125 920 1305 980 Athenodori

135 1011 217 1069 stoici
242 1010 328 1069 stilus
352 1010 468 1086 <prolem
493 1028 529 1068 ex
544 1010 708 1084 fragmento
731 1011 809 1084 apud
834 1009 975 1068 Senecam
998 1009 1034 1067 de
1057 1017 1170 1086 tranqu.
1206 1011 1303 1086 cap3

133 1106 247 1158 servato
269 1100 467 1174 cognovimus
493 1099 594 1174 Neque
613 1098 689 1156 enim
713 1098 997 1170 crcdohthenodori
1019 1099 1106 1156 verba
1119 1099 1159 1156 ita
1175 1105 1306 1158 mutasse

133 1190 282 1262 Senecam,
312 1195 345 1246 ut
368 1207 452 1246 suum
478 1187 593 1245 dicendi
619 1205 713 1262 genus
738 1188 778 1244 illi
803 1188 988 1263 impingeret,
1012 1207 1101 1263 quam
1128 1188 1305 1246 senteutiam

134 1285 202 1354 post
234 1275 448 1355 Bouilletum1)
482 1285 512 1335 et
544 1275 696 1336 Gertuium
733 1277 899 1352 nuperrime
932 1277 1066 1335 defendit
1098 1277 1228 1353 Hense‘2)
1260 1297 1306 1335 ar-

134 1367 288 1442 gumentis,
320 1375 352 1424 ut
389 1367 459 1424 mihi
493 1366 616 1438 videtur,
654 1366 778 1423 intirmis
810 1385 904 1442 neque
942 1365 1062 1424 idoneis,
1121 1366 1194 1424 Nam
1228 1367 1305 1442 qnod

136 1456 315 1514 athenodori
346 1456 397 1512 illo
430 1456 493 1513 loco
525 1461 771 1513 commemoratur
794 1461 911 1530 praetor
943 1460 972 1514 et
1004 1456 1140 1514 adsessor
1168 1460 1196 1532 (ξ
1222 1459 1254 1533 4)
1278 1462 1307 1514 et

135 1545 307 1604 certificandi
340 1545 430 1602 nimia
461 1544 607 1620 cupiditas
637 1545 798 1619 castigatur
821 1545 848 1620 (ξ
875 1544 913 1620 i),
936 1545 973 1602 ad
1005 1545 1106 1603 Heusii
1132 1545 1305 1604 sententiam

135 1635 365 1693 confirmandam
416 1653 518 1709 parum
570 1633 655 1692 valet.
725 1632 797 1706 Quis
850 1634 926 1692 enim
981 1634 1134 1692 mirabitur
1180 1635 1307 1709 Augusti

135 1721 391 1800 praeceptorem,³)
422 1722 472 1798 qui
506 1727 550 1780 tot
573 1740 664 1780 annos
688 1723 797 1782 Romae
820 1728 1016 1781 commoratus
1041 1723 1087 1794 sit,
1115 1723 1164 1781 ubi
1189 1724 1307 1796 libebat,

135 1813 221 1872 etiam
234 1813 380 1870 Romanos
394 1812 506 1870 colores
519 1812 637 1888 scriptis
654 1812 715 1870 suis
732 1805 950 1871 immiscuisse?
973 1812 1000 1870 N
1002 1831 1036 1872 ec
1050 1812 1117 1888 plus
1129 1813 1308 1872 demonstrat

136 1901 313 1977 comparatio
336 1901 513 1977 paragraphi
534 1901 554 1958 4
579 1907 608 1960 et
631 1901 758 1960 Senecae
781 1920 826 1977 ep.
849 1904 877 1974 8,
895 1907 922 1962 b.
970 1899 1145 1961 Simillimus
1169 1921 1239 1962 sane
1263 1909 1309 1961 est

136 1991 316 2049 Athenodori
351 1991 436 2048 stilus
464 1993 620 2049 Annaeano
653 1997 683 2049 et
715 1991 745 2048 in
777 1992 833 2049 hac
864 1992 1046 2067 paragrapho
1078 1997 1107 2050 et
1139 1991 1168 2050 in
1201 1992 1308 2051 ceteris

137 2080 266 2138 eiusdem
291 2079 404 2156 capitis,
434 2080 464 2137 id
488 2080 567 2156 quod
590 2080 726 2156 equidem
750 2081 907 2139 concedere
931 2099 989 2139 non
1012 2081 1122 2154 dubito,
1153 2082 1201 2139 sed
1226 2082 1310 2140 aliter

138 2169 358 2227 similitudinem
387 2169 526 2245 explicari
553 2169 648 2227 velim.
687 2169 725 2227 Et
748 2169 857 2228 Seneca
885 2177 914 2228 et
937 2170 1143 2228 Athenodorus
1170 2171 1309 2228 llioueum

138 2277 301 2317 sermonem
331 2259 436 2316 imitati
466 2265 543 2316 sunt.
589 2260 633 2316 Ac
660 2259 696 2316 de
727 2258 776 2316 illo
800 2259 919 2334 quidem
948 2259 1005 2317 iam
1039 2259 1109 2317 satis
1141 2260 1309 2336 disputasse

139 2347 209 2405 mihi
234 2349 345 2420 videor,
375 2349 476 2423 paucis
505 2348 596 2423 igitur
618 2365 695 2406 nunc
723 2349 760 2406 de
784 2347 964 2407 Athenodmi
993 2350 1154 2423 fragmento
1178 2367 1310 2408 seorsum

139 2437 209 2494 milri
233 2437 387 2512 agendum.

227 2562 271 2620 Ac
301 2561 428 2636 primum
463 2562 582 2638 quidem
612 2581 668 2620 non
698 2562 882 2636 neglegenda
913 2562 983 2621 mihi
1013 2563 1129 2621 videtur
1159 2563 1208 2620 illa
1240 2563 1312 2622 ratio

139 2650 256 2708 dicendi
286 2669 343 2726 qua
375 2669 431 2708 non
460 2651 496 2708 ad
526 2650 658 2725 singulos
690 2652 816 2709 lectores
845 2653 896 2710 sed
916 2652 998 2728 quasi
1029 2653 1066 2710 ad
1095 2653 1311 2711 multitudinem

140 2740 379 2798 eircmnstantem
396 2741 484 2798 verba
500 2739 601 2815 dirigit
616 2741 834 2798 Athenodorus:
858 2741 900 2798 ito
922 2741 1002 2798 arabis
1018 2787 1024 2798 .
1041 2787 1047 2799 .
1064 2788 1070 2799 .
1087 2742 1169 2815 laege
1183 2742 1312 2817 peilelier-

139 2830 254 2886 ra'mene
266 2830 341 2902 est(§
351 2830 394 2904 1);
408 2848 462 2888 nec
473 2829 571 2888 minus
582 2830 765 2905 respicienda
777 2830 842 2887 eius
851 2831 1031 2888 consuetudo
1041 2849 1095 2905 per
1104 2830 1313 2889 similitudines

141 2918 275 2975 docendi.
324 2917 413 2976 Velut
445 2919 544 2976 statim
575 2919 658 2976 initio
691 2919 795 2993 capitis
824 2937 841 2977 e
869 2919 1026 2977 cottidiana
1050 2920 1109 2978 vita
1136 2920 1313 2995 comparatio

141 3007 298 3082 repetitur:
327 3025 399 3064 eoin
426 3013 458 3064 ut
487 3008 606 3082 pridiem
634 3008 691 3065 sole
720 3013 801 3082 utque
825 3009 1023 3065 exercitatione
1046 3014 1071 3065 et
1094 3027 1164 3066 cure
1186 3009 1314 3085 mrporis

141 3096 216 3152 {imru
240 3096 363 3153 erlecuut
387 3114 457 3171 eus,
481 3097 568 3171 paulo
592 3103 659 3171 post
682 3101 709 3170 (ξ
736 3098 765 3171 2)
789 3097 921 3170 cynicum
945 3097 1025 3154 illam
1048 3116 1113 3155 cum
1138 3098 1313 3156 animalibus

141 3184 268 3259 legimus
301 3185 565 3260 comparutionem:
597 3204 648 3242 nee
676 3191 709 3241 ut
738 3186 856 3242 honrem
887 3187 1120 3262 cardinaliumque
1153 3179 1221 3262 eq's,
1253 3191 1268 3259 ξ
1294 3190 1311 3246 5

141 3274 291 3332 translatio
308 3275 479 3332 observatur
502 3293 518 3332 e
538 3293 569 3332 re
584 3275 704 3332 militari
722 3283 855 3349 sumpta:
880 3294 941 3332 reon
956 3275 1116 3332 (ieaeiaerr's
1140 3295 1189 3333 nce
1202 3295 1315 3334 munus

142 3363 345 3436 detrectaveris,
371 3364 489 3438 quaein
514 3364 550 3420 iis
566 3382 641 3439 quae
665 3372 830 3438 sequuntur
845 3364 1029 3422 continuatur
1044 3365 1175 3422 ciusdem
1198 3365 1314 3440 generis

141 3452 275 3526 exemplo
306 3453 452 3527 copiosius
482 3459 664 3528 coiuparato:
698 3471 788 3527 neeric
817 3453 896 3510 euim
927 3454 974 3510 iiie
1004 3454 1085 3511 soleis
1116 3455 1223 3511 nzilitet
1252 3473 1313 3530 cqs

143 3539 227 3597 Tales
259 3560 325 3599 vero
358 3541 588 3616 comparationes
621 3541 756 3599 lubenter
788 3547 963 3617 usurparant
995 3539 1132 3616 eystett)
1179 3544 1314 3602 Ceterum

143 3629 260 3703 saepius
284 3630 311 3687 in
338 3631 388 3688 illo
413 3631 507 3706 eapite
532 3631 673 3688 translate
697 3630 829 3706 loquitur
853 3632 1066 3690 Athenodorus.
1090 3633 1126 3690 cf.
1152 3637 1166 3705 §
1192 3635 1210 3690 2
1235 3632 1315 3690 hebet

145 3718 193 3774 tilii
216 3737 245 3774 se
271 3720 355 3776 etiem
380 3721 414 3778 ie
436 3721 549 3796 paleato
573 3721 634 3777 dixe
658 3720 773 3796 implicet
796 3739 924 3795 mugnus
947 3723 1078 3794 arrianus,
1105 3725 1155 3794 §3
1180 3722 1316 3779 uirtutem

235 3927 253 3990 ¹)
272 3926 453 3981 Bouilletum
475 3932 571 3998 ipsum
593 3932 739 3999 inspicere
759 3947 817 3982 uou
839 3933 930 4000 potui.

155 4087 161 4120 )
186 4085 205 4110 «r
233 3997 391 4120 desedidstca
418 4001 480 4052 und
500 4003 712 4054 Atlmuodorus
732 4025 772 4047 =
791 4019 892 4071 progr.
919 4003 1003 4055 acad.
1031 4003 1169 4074 Friburg.
1197 4020 1222 4057 a.
1250 4009 1316 4056 1893

145 4085 202 4138 lle
234 4141 253 4205 ³)
275 4141 310 4194 dc
332 4142 385 4194 hor
410 4144 488 4194 cuim
509 4143 701 4198 Athenodoro
722 4147 833 4215 agitur.
862 4147 898 4198 cf.
920 4146 1019 4199 Hense
1043 4147 1075 4198 in
1094 4152 1317 4215 programmate

144 4211 231 4264 modo
252 4214 342 4266 citato
364 4229 432 4281 pag.
453 4219 486 4264 20
506 4233 547 4283 sq.

233 4283 254 4352 ⁴)
274 4287 311 4337 ct'.
330 4284 393 4338 Tel.
417 4289 457 4350 10,
477 4290 502 4337 3.
530 4290 573 4355 41,
593 4290 607 4338 9
628 4303 669 4358 sq.
691 4287 722 4342 E.
745 4288 852 4343 Weber
872 4289 890 4341 l.
910 4305 934 4342 c.
954 4305 1025 4360 pag.
1047 4293 1104 4342 118.
