3216 5218
789 437 1009 496 ..23-

396 629 435 688 ut
457 629 544 706 paulo
567 636 635 706 post
657 632 749 691 habes
772 631 935 708 parodiam:

414 733 592 817 Σωκράτης
616 729 689 799 ‹l'dv
712 736 795 799 εἶπεν
818 740 837 819 ἢ
862 738 914 800 καὶ
938 737 1097 819 Διογένης·

418 823 508 904 ςὅσσα
530 819 599 888 τάδ’
625 826 719 888 ἄθλια
742 827 842 890 πολλά
866 877 871 889 .
898 878 903 888 .
929 877 934 888 .
959 827 1058 907 γέλως
1079 820 1178 908 μ’ἔχει
1202 827 1407 908 εἰσορόωνταῖ

309 932 396 1008 Apud
413 931 579 1008 Epictetum
596 935 642 994 vel
659 935 825 994 Musonium
842 935 949 996 similia
964 935 1031 994 mihi
1052 954 1109 993 non
1126 937 1317 994 obvenerunt.
1342 935 1474 994 Ceterum

309 1026 422 1082 constat
444 1023 612 1082 huiusmodi
635 1043 693 1083 non
716 1043 809 1102 pauca
832 1025 955 1084 inveniri
979 1025 1058 1102 apud
1082 1025 1252 1083 Lucianum.

863 1213 927 1286 23.

399 1343 503 1403 Ethica
534 1344 755 1404 Homericorum
796 1345 958 1404 carminum
990 1345 1198 1422 interpretatio,
1240 1363 1314 1421 quae
1346 1345 1413 1404 inde
1444 1346 1478 1403 ab

309 1432 485 1492 Antisthene
494 1433 515 1509 ¹)
542 1433 571 1492 in
596 1452 653 1492 usu
677 1439 739 1493 orat
761 1435 939 1509 cynicorum,
968 1453 1026 1493 non
1049 1453 1112 1493 raro
1136 1435 1166 1492 in
1190 1434 1323 1494 diatribis
1346 1434 1478 1493 occurrit.

310 1520 402 1580 Velut
422 1521 482 1581 Tel.
502 1524 551 1597 15,
570 1525 585 1582 7
612 1523 768 1582 Phoenicis
791 1525 926 1600 exemplo
949 1525 1154 1600 comprobatur
1175 1523 1263 1582 exilio
1278 1542 1337 1582 non
1352 1523 1479 1582 externis

310 1611 393 1670 bonis
424 1611 557 1671 homines
586 1612 707 1688 privari,
744 1631 809 1671 cum
844 1613 944 1672 multis
972 1619 1072 1672 contra
1099 1613 1129 1670 in
1156 1613 1277 1671 exilium
1306 1612 1407 1672 eiectis
1435 1629 1480 1671 res

309 1701 517 1776 praeclariores
539 1702 633 1762 factae
657 1701 729 1778 sint3
761 1703 812 1776 40,
837 1704 855 1761 9
879 1702 1017 1761 laudatur
1031 1702 1152 1760 Laertes
1175 1708 1209 1759 ut
1231 1705 1405 1778 paupertate
1428 1720 1480 1760 sua

310 1795 479 1863 contentae,
506 1791 585 1850 idem
614 1791 798 1867 vituperatur
826 1792 881 1865 25,
910 1793 944 1866 23
973 1790 1050 1850 Plut.
1079 1792 1117 1850 de
1146 1809 1212 1867 cup.
1240 1791 1323 1850 divit.
1353 1792 1431 1864 366,
1461 1793 1477 1848 7

310 1879 470 1955 castigatur
502 1878 695 1939 Telemachus
729 1880 847 1939 divitias
880 1880 1004 1939 Menelai
1042 1880 1200 1938 admiratus
1232 1884 1262 1938 et
1294 1879 1382 1956 paulo
1414 1885 1480 1955 post

310 1969 395 2042 (366,
420 1967 472 2042 26)
501 1969 563 2045 ipsa
593 1969 741 2028 Menelaus
770 1971 805 2029 ob
833 1969 993 2041 luxuriam3
1021 1969 1161 2028 laudatur
1188 1969 1291 2028 Ulixes
1319 1969 1356 2028 de
1379 1968 1480 2028 curios.

311 2059 384 2129 336,
416 2059 454 2115 12
479 2063 512 2116 ut
536 2075 591 2116 non
615 2059 756 2132 curiosus,
785 2059 880 2135 Mpiot.
904 2058 948 2117 lM
973 2060 1023 2131 26,
1047 2061 1098 2132 33,
1127 2059 1207 2135 quod
1230 2059 1382 2134 naufragio
1405 2058 1480 2116 facto

310 2145 406 2204 animo
434 2164 490 2204 non
518 2147 651 2206 deiectus
679 2148 724 2221 sit,
752 2148 829 2206 idem
852 2147 989 2206 lamlatur
1017 2147 1131 2207 Muson.
1162 2149 1234 2221 752,
1264 2150 1292 2207 6.
1328 2147 1364 2206 ci.
1393 2147 1480 2206 etiam

310 2235 542 2311 comparationes
565 2255 582 2294 6
605 2237 783 2295 carminibus
801 2237 964 2295 Homericis
988 2237 1128 2313 repetitas
1151 2237 1229 2312 apud
1245 2236 1343 2313 ipsum
1361 2236 1482 2294 Bionem

311 2324 387 2383 Plut.
411 2325 448 2383 de
471 2324 552 2384 liber.
569 2325 652 2384 educ.
673 2328 721 2399 15,
746 2327 786 2384 27
812 2325 878 2402 (vol.
895 2326 921 2400 Ι)
944 2324 1051 2405 ὥσπερ
1075 2325 1106 2386 οἱ
1127 2330 1301 2405 μνηστῆρες
1323 2331 1360 2405 τῇ
1376 2321 1480 2404 Πηνε-

309 2411 390 2494 λόπῃ
419 2411 596 2492 πλησιάζειν
623 2411 667 2494 μὴ
700 2412 867 2493 δυνάμενοι
888 2410 953 2476 κτλ.
993 2416 1030 2474 ci.
1058 2415 1120 2474 Tel.
1150 2416 1205 2488 24,
1235 2418 1263 2473 5.
1314 2415 1352 2473 Mt
1379 2414 1481 2473 eadem

311 2503 422 2562 ratione
445 2502 534 2562 etiam
557 2503 684 2579 tragicos
707 2503 744 2561 ad
766 2503 952 2580 propositum
975 2521 1062 2562 suum
1085 2505 1244 2562 referentes
1268 2503 1363 2562 ethice
1387 2502 1481 2578 expli-

311 2599 379 2650 cant
402 2592 593 2651 diatribarum
616 2599 764 2664 auctores,
796 2593 880 2652 cuius
907 2593 950 2652 rei
973 2593 1116 2670 optimum
1132 2593 1312 2669 exemplum
1335 2592 1482 2650 invenitur

311 2681 389 2757 apud
418 2681 496 2740 Plut.
526 2683 563 2741 de
587 2683 692 2744 curios.
729 2683 802 2755 352,
828 2683 877 2755 10,
907 2682 956 2740 ubi
980 2682 1097 2758 copiose
1120 2682 1278 2758 exponitur
1300 2681 1481 2757 Oedipodem

313 2770 436 2828 summis
474 2771 559 2829 malis
592 2771 775 2846 implicatum
813 2788 877 2830 esse
909 2771 1087 2830 curiositate.
1146 2771 1361 2847 Nonnunquam
1394 2769 1483 2829 etiam

312 2865 519 2935 oppugnantur
549 2866 666 2936 poetae,
699 2860 768 2936 quia
795 2859 869 2918 falsa
902 2859 1064 2934 docuerint,
1104 2859 1184 2918 velut
1211 2859 1368 2936 Euripides
1403 2859 1482 2934 apud

312 2949 388 3007 Plut.
413 2949 449 3006 de
472 2949 542 3007 exil.
576 2951 649 3018 568,
677 2949 715 3008 16
740 2953 770 3007 66
792 2949 871 3025 apud
895 2949 1008 3007 Muson.
1036 2951 1107 3019 753,
1133 2951 1172 3008 18
1198 2967 1241 3026 sq.
1303 3017 1309 3028 ἡ

865 3137 933 3208 24.

402 3267 533 3339 Quacum
571 3268 810 3344 interpretatione
849 3273 1001 3342 poetarum
1033 3266 1134 3324 morali
1167 3267 1312 3325 artissime
1348 3269 1485 3326 cohaeret

313 3357 511 3416 homileticum
534 3357 702 3432 disputandi
726 3374 819 3432 genus
842 3377 860 3414 a
882 3355 994 3430 cynicis
1010 3355 1132 3414 cultum.
1165 3356 1342 3429 Cynicarum
1364 3356 1485 3432 quidem

315 3445 530 3521 lromiliarum2)
569 3447 707 3522 optimam
749 3446 837 3504 etiam
879 3445 1048 3521 exprimunt
1088 3445 1247 3519 imaginem
1284 3445 1486 3504 commentarii

313 3535 430 3606 Teletis,
454 3535 485 3594 id
508 3535 587 3612 quod
611 3554 675 3594 cum
701 3534 772 3593 satis
795 3534 854 3592 iam
877 3534 1071 3592 illustraverit
1088 3533 1121 3592 a.
1143 3533 1249 3593 Weber
1267 3553 1332 3611 pag.
1351 3536 1414 3593 212
1432 3552 1484 3610 sq,

313 3643 370 3683 non
394 3642 467 3701 opus
490 3624 607 3683 videtur
630 3642 702 3697 esse,
727 3642 803 3700 quae
826 3623 876 3682 ille
899 3623 1045 3699 exposuit,
1070 3628 1235 3682 retractare.
1244 3621 1266 3697 8)

405 3799 423 3865 ¹)
443 3799 479 3851 cf.
493 3798 667 3851 Duemmler
687 3795 930 3865 „Antisthenica“
950 3813 1021 3867 pag.
1036 3799 1069 3847 22
1089 3813 1132 3865 sq.
1153 3796 1187 3849 E.
1202 3795 1311 3850 Weber
1331 3797 1349 3848 l.
1370 3813 1395 3849 c.
1415 3812 1486 3866 pag.

314 3874 365 4026 2¹²4
386 3885 428 4006 §ll
444 3940 480 3994 dc
492 3941 608 4010 origine
620 3944 649 3993 66
659 3943 770 3992 natura
780 3938 970 3992 homiliarum
981 3940 1016 3991 cf.
1028 3939 1226 3992 Wilamowita
1237 3940 1268 3991 in
1281 3939 1486 4007 disputatione

315 4011 727 4152 εηᾶωῆθέἓρΐὲῗὲ616661ἷ
741 4013 862 4150 (lpllmlll
877 4081 1066 4134 homiliarum
1092 4081 1231 4150 exempla
1258 4081 1404 4149 praebent
1428 4079 1486 4131 Dio

315 4155 544 4223 Chrysostomus
558 4159 588 4208 et
601 4154 749 4208 Maximus
763 4153 883 4222 Tyrius.
897 4153 934 4205 cf.
945 4151 1142 4205 Wilamowita
1162 4151 1181 4203 l.
1195 4168 1219 4204 c.
1233 4167 1303 4220 pag.
1317 4154 1368 4202 313
1389 4151 1487 4218 ,,1)ἰοῐι

315 4227 378 4279 und
398 4225 544 4279 Maximus
563 4241 622 4278 von
642 4225 741 4294 Tyrus
761 4224 828 4278 sind
847 4223 895 4277 die
916 4224 1023 4276 ltchten
1042 4224 1262 4276 nachkommen
1283 4223 1335 4276 der
1354 4221 1489 4275 wander-

315 4297 456 4367 prediger
470 4297 522 4351 dos
536 4297 645 4350 dritten
655 4295 898 4364 J'ahrhunderts.“
918 4294 964 4348 Dc
978 4294 1075 4348 Dione
1089 4293 1286 4363 singulariter
1300 4293 1355 4346 hoc
1368 4293 1489 4346 demon-
